2504 3990
182 234 241 298 392
400 248 538 296 narnate
558 249 659 298 nanos
679 251 761 298 sunrs
781 250 929 297 canonici.

222 349 335 424 Caetera
348 348 516 424 interdicta,
529 348 585 411 nisi
593 348 728 412 terantur
737 367 791 430 per
803 348 930 412 modum
938 367 1031 415 maru
1040 369 1150 434 poenae,

184 455 245 501 non
258 445 375 501 cessant
388 438 445 500 nisi
460 457 514 520 per
527 437 758 502 absolutionem.

227 548 243 587 a
262 526 422 588 interdicta
443 525 566 602 localia,
582 534 612 589 et
630 526 797 607 personalia
820 525 989 608 generalia,
1004 547 1075 611 quae
1087 530 1154 609 jure
1234 522 1235 608 l

184 616 379 678 scommnni
414 621 486 678 sunt
519 615 686 696 imposita,
721 633 778 678 nec
819 621 992 696 reservata,
1030 628 1155 700 possunt

184 728 199 766 ι
223 703 286 766 tolli
307 704 346 767 alr
368 704 537 788 Episcopo,
561 704 607 766 val
629 705 689 768 alio
712 703 842 767 habento
861 703 1102 784 jurisdictionem
1125 708 1156 769 in

186 817 201 854 r
223 793 472 857 communitatem
487 792 692 871 interdictam,
709 811 771 856 non
785 799 886 856 tamen
900 795 919 856 6
932 793 1080 875 religiosis
1095 796 1157 878 pri·

185 905 201 944 n
224 883 385 965 vilegiatis,
409 883 481 964 quia
503 881 587 945 locus
608 889 638 945 at
662 878 865 945 communitas
888 881 954 944 toro
974 883 1159 964 paenitentiae
1235 890 1236 938 l

186 996 200 1032 a
226 993 287 1035 non
310 971 510 1052 subjiciuntur
530 971 655 1048 (etiamsi
679 971 824 1033 haberent
847 971 1040 1054 privilegium
1060 973 1158 1035 absol·

186 1088 200 1124 o
224 1061 312 1126 vendi
328 1063 366 1124 ab
384 1060 526 1124 omnibus
545 1059 693 1138 censuris)
718 1078 727 1121 ι
749 1057 908 1122 interdicta
928 1059 1081 1141 generalia
1102 1061 1160 1126 lala

186 1175 201 1212 o
225 1152 263 1214 ab
276 1152 399 1214 homine
413 1167 476 1211 non
491 1157 616 1232 possunt
629 1149 709 1222 tolli,
723 1147 781 1210 nisi
796 1147 834 1211 ab
856 1165 893 1212 eo
907 1149 961 1232 qui
976 1149 1061 1227 tulit,
1081 1149 1158 1213 velia

188 1264 201 1297 o
225 1243 345 1321 Papa.»
366 1241 411 1315 (S.
427 1238 562 1320 lignon,
578 1237 631 1302 lib.
647 1243 684 1316 7,
701 1246 736 1300 6ο
749 1237 836 1316 338.)

228 1329 274 1390 Ab
299 1327 455 1390 interdicto
478 1326 628 1408 personali
651 1326 861 1410 particularia
882 1327 950 1406 jure
970 1325 1046 1407 lato,
1061 1331 1161 1411 quivis
1236 1371 1237 1378 ,

187 1417 387 1480 confessarius
408 1421 505 1499 potest
523 1415 677 1480 alrsolvero
696 1417 722 1479 si
743 1434 805 1478 non
823 1415 861 1478 sit
879 1423 1073 1481 reservatum.
1088 1421 1159 1502 (Ap.

188 1509 220 1571 S.
234 1506 371 1588 Liguor„
387 1505 443 1584 ib„
458 1517 492 1568 6ο
501 1507 583 1584 339.)

464 1657 502 1705 DE
524 1657 700 1706 cessamodo
722 1657 742 1704 Α
762 1657 885 1707 mmm.

227 1777 318 1838 6637.
341 1773 471 1836 cessatio
485 1773 503 1834 a
516 1772 624 1835 divinis
636 1791 698 1837 non
707 1781 752 1837 est
762 1775 983 1858 poenaproprila
995 1775 1091 1858 dicta,
1102 1797 1162 1843 nec

189 1863 314 1947 proinde
336 1881 481 1940 censure,
505 1863 578 1924 ciam
600 1862 667 1926 loca
687 1865 806 1926 tantiam
829 1864 986 1948 respiciat,
1010 1873 1040 1930 et
1062 1867 1162 1932 nullas

190 1971 334 2036 personas
347 1951 460 2014 directe
481 1950 607 2028 alliciat;
624 1950 677 2016 sed
697 1958 742 2014 est
761 1954 881 2014 tantiam
903 1953 1070 2036 prohibitio
1091 1957 1162 2018 sim·

188 2043 260 2128 pleat
278 2040 394 2104 clericis
406 2041 509 2122 facto,
524 2048 560 2102 nt
582 2060 611 2102 se
628 2041 795 2103 abstineant
806 2041 844 2104 ob
864 2041 976 2124 officiis
988 2043 1116 2123 divinas,
1133 2055 1161 2109 et

190 2127 381 2194 eeclesiastico
402 2127 564 2210 sepultord.
591 2129 735 2192 lndicilur
761 2129 799 2192 ab
825 2130 960 2195 Ecclesia
985 2132 1161 2215 insignum
1238 2153 1239 2178 ¹

190 2219 328 2284 moeroris
341 2218 380 2280 ob
395 2236 515 2298 gravem
536 2217 677 2296 iniuriam
695 2219 753 2300 ipsi
773 2218 902 2295 illatam,
922 2225 957 2282 ut
969 2221 1013 2283 sic
1032 2239 1102 2284 reus
1123 2223 1160 2285 ad

191 2305 433 2372 satislaclendum
448 2305 624 2370 inducetur:
641 2306 721 2370 dect
733 2307 889 2370 litmentio
903 2307 934 2370 in
944 2327 1010 2390 cap.
1026 2309 1162 2392 Irresru·

190 2397 284 2482 podilr'
294 2443 303 2476 ,
317 2395 352 2460 de
364 2396 463 2478 officio
475 2395 590 2470 ordr'n.,·
611 2413 678 2478 cap.
705 2397 860 2473 Quamvis,
885 2395 921 2459 de
933 2397 1033 2480 officio
1046 2399 1161 2476 ordin„

191 2489 223 2552 in
237 2493 318 2566 6⁰5et
327 2486 486 2564 Clement„
500 2485 555 2548 Ee
567 2485 730 2570 frequenti,
743 2485 907 2549 decantent.
916 2487 1163 2551 6666666666Ιί-

191 2579 252 2642 cari
276 2595 338 2640 non
361 2575 467 2654 debet,
490 2581 653 2658 antequam
666 2593 737 2638 reus
757 2593 811 2657 per
834 2575 1006 2639 citationem
1019 2575 1163 2640 idoneam

193 2671 369 2750 provocatus
382 2664 471 2727 luerit
484 2663 521 2726 ad
536 2663 739 2748 reparandum
754 2663 907 2744 injuriam.

232 2757 321 2817 6638.
343 2755 414 2816 llaec
433 2771 521 2835 poena
540 2771 697 2837 nunquam
719 2759 765 2816 est
782 2753 949 2835 personalis
966 2751 1020 2816 sed
1040 2755 1163 2820 tantiam

193 2842 311 2919 localis,
326 2843 452 2923 eiusque
473 2840 596 2905 ellectus
615 2843 777 2925 ampliores
795 2849 865 2905 sunt
882 2845 975 2925 quim
990 2842 1162 2925 interdicti,

193 2933 264 2996 clrm
278 2937 412 3012 tempore
426 2931 600 2992 cessationis
612 2932 631 2992 ἁ
643 2930 753 2994 divinis
775 2949 837 2993 non
851 2929 939 2993 liceat
950 2930 1051 2994 divina
1063 2931 1165 2998 ollicia

194 3039 337 3108 peragere
358 3018 390 3080 in
410 3017 484 3080 locis
507 3035 576 3099 quae
599 3017 656 3100 ipsi
677 3019 879 3100 subjiciuntur
904 3020 1076 3100 (Strcmlar,
1103 3023 1164 3101 it,

195 3133 225 3196 p.
241 3110 327 3192 365);
343 3125 431 3171 secus
444 3112 546 3169 omen
568 3108 701 3171 sentiunt
713 3108 801 3171 multi
818 3109 983 3172 canonistas
1004 3109 1057 3192 qui
1069 3109 1166 3175 etiam

193 3201 298 3265 volunt
310 3215 398 3282 posse
411 3195 484 3260 huic
496 3196 749 3280 poenaeapplicari
762 3203 853 3282 caput
865 3197 1068 3282 Almu,supra
1078 3199 1165 3264 citat.

195 3292 206 3369 ί
235 3377 325 3438 6639.
347 3375 405 3436 Fas
417 3379 472 3446 est,
487 3374 593 3438 saltem
606 3373 783 3456 identidem,
796 3377 951 3443 celebrare
962 3377 1002 3443 ad
1014 3397 1167 3444 renovan-

17 3433 37 3581 ’Ὲ
198 3462 252 3525 das
263 3479 363 3526 sacras
379 3463 509 3545 species,
523 3463 595 3526 clam
608 3462 667 3526 laoc
687 3469 823 3549 ternpore
836 3466 922 3532 liccat
942 3467 1016 3533 dare
1027 3487 1168 3534 commu·

30 3557 53 3581 ’-
121 3601 125 3605 ,,
200 3550 323 3612 nionem
335 3551 534 3615 moribundis.

241 3639 430 3723 privilegium
451 3639 608 3704 assistendi
626 3638 736 3704 divinis
757 3643 863 3706 officiis
884 3663 1060 3709 concessum
1082 3647 1169 3710 laicis
