2548 3988
238 213 298 275 :tat
457 227 595 271 3333333
616 227 716 272 333333
736 227 818 272 runis
838 224 987 272 33333333.

237 324 307 386 vero
321 321 353 383 in
366 321 550 383 contrarium
565 321 673 404 allata,
690 323 815 405 intelligi
833 322 923 385 debet
943 321 982 386 de
1004 325 1139 387 censuri
1153 331 1216 390 3131

172 479 182 488 ,
236 413 327 476 33331
340 429 395 494 per
406 410 585 473 sententiam
600 411 657 473 1311
672 411 738 491 (id,
755 425 789 474 n⁰
798 414 858 493 111).

276 503 367 564 11106.
390 500 470 563 Ν313
484 499 566 581 quod
584 519 713 564 censura
733 521 795 564 333
809 501 902 585 possit
916 501 1010 584 intligi
1032 501 1071 564 ab
1088 501 1212 568 13333133

234 589 275 655 ob
294 595 452 672 peccatum
466 591 550 653 mere
565 590 766 674 praeteritum,
781 610 835 656 333
849 592 975 674 quinon
989 591 1093 673 aliquo
1107 593 1211 656 saltem

235 681 327 742 modo
341 679 471 762 pendeat
485 681 516 742 in
532 679 686 758 13133333,
710 681 827 743 ratione
841 679 991 760 scandali,
1014 680 1211 745 restitutionis
1251 706 1252 766 3

235 767 391 850 faciendae,
404 769 632 851 perseverantias
646 769 678 830 13
693 776 851 852 peccatum
865 775 933 852 post
946 768 1168 833 monitionem:
1184 777 1208 835 31
1251 767 1252 780 ’

236 859 311 924 33113
325 868 371 924 331
384 860 456 942 quia
470 857 554 922 abest
567 865 640 921 tuno
653 859 855 922 contumacia.

275 953 366 1014 6101.
389 948 435 1012 Ob
448 954 607 1031 peccatum
621 947 747 1030 quidem
761 949 844 1012 33333
860 947 1046 1031 3331331133]
1059 949 1107 1012 331
1122 949 1209 1010 etiam

235 1042 301 1105 sind
315 1046 458 1124 3333313,
474 1039 527 1101 sed
541 1057 611 1101 oum
623 1039 704 1119 justd
718 1041 811 1101 coust
823 1086 831 1116 ‚
846 1044 948 1120 333331
961 1039 1030 1120 3313
1041 1037 1079 1100 ad
1090 1045 1210 1120 tempus

236 1131 332 1194 arceri
347 1127 502 1206 abellani,
518 1129 535 1189 a
549 1129 782 1206 communione,
797 1127 836 1190 ab
849 1127 978 1190 aliorum
992 1129 1163 1205 consortio,
1179 1135 1211 1190 ut
1252 1136 1253 1214 l

235 1218 364 1281 subinde
385 1216 470 1278 11113
492 1217 715 1297 Religionibus;
738 1216 792 1279 sed
812 1215 985 1298 huiusmodi
1005 1217 1208 1294 3333113333,
1252 1237 1253 1244 “

235 1327 305 1388 quae
319 1307 411 1370 etiam
425 1305 456 1368 in
476 1306 545 1385 iure
559 1311 705 1368 vocantur
719 1306 1065 1384 excommunicationes,
1081 1323 1211 1388 suspen-

237 1397 338 1458 siones
360 1413 423 1457 non
445 1401 516 1457 sunt
532 1411 670 1457 censura
689 1413 820 1476 quarum
843 1395 962 1458 violatio
989 1394 1113 1458 inducat
1136 1397 1211 1457 irra-

236 1485 444 1568 gularitatem‚
464 1483 517 1546 sed
541 1501 634 1546 merae
654 1503 768 1566 prena,
784 1489 836 1548 aut
856 1483 1031 1548 necessaria
1054 1485 1212 1547 cautiones

237 1591 292 1658 pro
306 1573 426 1637 vitando
440 1571 592 1637 scandalo.
608 1574 651 1656 (ὃ.
668 1573 805 1655 liquor„
820 1573 873 1637 lib.
888 1579 923 1651 ’1,
939 1581 974 1636 n⁰
987 1574 1051 1652 19.)

681 1781 701 1866 5
720 1784 758 1850 V.

309 1921 354 1989 De
373 1921 609 2008 smmulitatidm
628 1920 778 1986 3333333113
798 1923 830 1983 tn
848 1919 979 2004 [33333113
999 1939 1139 1988 33333313.

278 2098 368 2163 6108.
391 2101 489 2163 Variae
503 2105 575 2162 sunt
593 2098 651 2161 illae
667 2095 879 2174 formalitates‚
894 2101 984 2180 prout
1003 2096 1097 2160 varias
1111 2115 1212 2181 respr-

237 2190 322 2252 ciunt
335 2207 480 2252 censuras
500 2196 561 2250 tam
575 2186 673 2269 djure
692 2188 785 2268 qutm
803 2185 840 2247 ab
858 2186 990 2266 homine,
1006 2186 1074 2248 1313
1091 2186 1137 2249 331
1164 2191 1212 2270 se·
1254 2173 1255 2256 1

236 2278 335 2340 rendra
347 2277 513 2348 contentu,-
530 2277 653 2358 insuper
664 2274 729 2338 aliae
744 2281 815 2338 3331
823 2275 997 2338 essentiales
1005 2276 1069 2338 sine
1078 2293 1212 2358 quarum

237 2365 444 2430 observatione
458 2365 593 2428 invalidae
609 2371 679 2428 sunt
691 2383 847 2446 censurae,
862 2365 928 2427 aliae
946 2367 1029 2428 mere
1042 2363 1209 2431 accidenta-

237 2455 280 2519 les
297 2455 362 2520 sina
376 2473 507 2538 quarum
521 2455 727 2518 observatione
743 2475 879 2518 censurae
893 2462 964 2517 3331
977 2455 1097 2518 illicitae.

278 2547 485 2610 Formalitates
499 2545 688 2609 adferendos
702 2563 844 2609 censuras
858 2545 1008 2627 requisitas
1022 2563 1075 2626 per
1090 2545 1210 2627 legem.

237 2643 384 2700 statutum
404 2645 456 2700 aut
474 2643 676 2719 preceptum,
702 2653 764 2698 non
786 2635 852 2696 aliae
865 2642 936 2696 sunt
957 2636 1049 2714 qutun
1071 2653 1115 2698 eae
1139 2655 1212 2718 quaa

236 2728 432 2806 requiruntur
443 2727 481 2788 ad
495 2724 649 2788 serendam
664 2724 761 2805 legem
775 2729 827 2785 aut
839 2729 999 2802 statutum,
1014 2731 1064 2786 aut
1078 2743 1207 2809 praecep

237 2821 320 2892 tum3
333 2821 363 2877 et
377 2815 500 2896 quidem
515 2815 539 2876 si
554 2831 689 2876 33333333
703 2811 876 2893 hujusmodi
888 2812 950 2873 sint
964 2813 1033 2875 lutoe
1044 2815 1209 2894 sententiaa,

236 2903 435 2967 incurrantur
451 2903 483 2965 in
497 2902 562 2966 1333
576 2901 785 2980 couscientia,
800 2901 915 2984 absque
930 2901 1060 2966 altaalta
1074 2903 1209 2966 formali·

236 2998 296 3055 tate
320 3011 329 3055 r
356 2991 410 3056 sed
432 2992 465 3054 in
486 2991 552 3056 1333
573 2999 696 3054 artemo
719 2991 883 3073 requiritur
902 2992 1050 3056 sententia
1071 2991 1211 3056 declara·

237 3083 314 3145 toria
334 3101 343 3144 ε
364 3081 446 3145 unde
469 3080 632 3164 requiritur
651 3080 799 3161 judicium
813 3081 845 3142 in
865 3079 925 3144 hoc
937 3099 1029 3158 casu,
1053 3087 1144 3164 prout
1161 3101 1210 3146 re-

237 3173 367 3256 quiritur
384 3171 507 3255 quando
520 3188 648 3234 censura
662 3169 756 3232 133133
779 3188 833 3252 par
846 3169 972 3232 modum
988 3171 1164 3250 sententiar,
1182 3179 1212 3236 et

237 3261 363 3346 proinde
385 3261 579 3324 formalitates
602 3259 766 3340 injudicio
785 3257 996 3336 3133333333,
1022 3261 1113 3323 etiam
1135 3268 1211 3324 tunc

237 3353 443 3434 requiruntur,
458 3351 528 3414 licat
543 3367 606 3412 non
619 3349 789 3432 requiratur
802 3348 929 3412 monitio
942 3351 961 3412 ta
974 3349 1041 3433 lege
1050 3348 1207 3426 distincta,

237 3449 271 3504 ut
284 3441 361 3504 intra
374 3440 482 3504 dicturi
495 3456 612 3503 sumus.

280 3531 353 3593 Fere
366 3547 474 3594 omnes
495 3529 689 3592 1333331113133
702 3527 853 3611 requisitae
876 3530 907 3592 in
925 3527 1056 3594 terendis
1070 3531 1209 3595 censuris

141 3617 146 3628 '
237 3619 431 3698 33331331331
445 3617 644 3684 monitionem
657 3618 720 3698 rai,
733 3617 780 3682 331
794 3619 974 3682 sententiam
982 3618 1104 3699 judicis.
