2452 3984
413 262 498 308 usus
518 261 648 310 assutus.

457 439 538 504 lltl'.
562 437 597 504 ll.

143 585 240 632 nonus
261 585 444 634 raomnauur
466 585 498 632 ru
516 585 619 632 causus
640 584 918 634 unumunurnusus.

55 790 57 794 ¹
97 720 177 779 6075.
197 717 238 780 ald
249 717 367 797 judices
380 717 596 781 ecclesiasticos
607 722 744 800 spectant
757 735 855 780 causa
864 717 1016 781 matrimo-

65 804 142 868 niales
153 854 161 884 ,
172 807 256 886 iuxta
277 807 372 871 Cone.
386 805 467 870 Trid.
492 808 579 888 (sess.
597 811 655 884 ll,
671 824 741 868 can.
756 808 804 884 lb)
819 853 827 885 ,
842 806 907 875 uide
928 826 1017 889 supra

64 897 149 972 osto,
163 897 232 974 etc.)
249 915 256 957 :
274 895 364 980 porrb
377 895 451 958 tales
465 901 536 959 sunt
551 913 658 959 omnes
672 913 771 958 causae
785 895 817 956 in
831 895 941 976 quibus
954 896 1017 977 agi-

61 987 102 1042 tur
112 981 258 1047 denatura
269 983 452 1046 matrimonii
466 990 496 1046 et
509 983 706 1065 sponsalium;
717 983 756 1046 do
772 982 893 1046 illorum
907 983 1016 1062 valore;

63 1067 92 1130 de
102 1071 212 1148 juribus
224 1081 255 1136 et
267 1071 502 1155 obligationibus
515 1090 552 1135 ex
567 1073 610 1135 eis
624 1071 887 1156 provenientibus;
903 1071 942 1133 de
960 1073 1019 1133 im-

63 1157 221 1238 pedimentis
228 1168 258 1224 et
272 1180 379 1224 eorum
387 1161 626 1243 dispensatione,
641 1165 712 1238 etc.;
723 1159 760 1223 ad
769 1159 1018 1226 lorumsaeculare

62 1249 192 1325 pertinent
202 1252 324 1313 tantiam
333 1252 466 1314 causaein
480 1250 592 1332 quibus
605 1250 704 1331 agitur
715 1248 753 1311 de
763 1249 917 1313 effectibus
928 1250 1018 1313 civili·

62 1333 120 1397 bus:
130 1336 165 1400 de
174 1338 243 1402 dcte
257 1339 411 1418 videlicet,
426 1339 464 1402 dc
475 1338 688 1401 donationibus
702 1343 823 1420 propter·
832 1339 963 1420 nuptias,
978 1340 1017 1404 de

60 1421 228 1490 hereditarie
243 1428 436 1492 successione
447 1435 477 1490 et
489 1427 654 1505 similibus,
665 1433 699 1490 ut
707 1446 743 1490 ex
755 1423 910 1490 communi
926 1447 1016 1494 sensu

60 1510 153 1576 docent
166 1515 384 1596 bellarminus,
425 1515 568 1598 Pirhing,
584 1522 664 1593 etc,
687 1517 744 1578 nisi
765 1522 867 1578 tamen
892 1517 1018 1598 quaestio

60 1600 155 1666 ineidat
176 1605 207 1668 in
230 1623 357 1669 oausam
383 1604 637 1668 matrimonialem
664 1603 784 1687 proprie
810 1604 921 1669 dictam
948 1625 1017 1688 quae

61 1691 245 1775 principaliter
260 1700 385 1778 agatur3
400 1693 458 1757 hoc
473 1693 555 1756 enim
573 1711 661 1771 casu,
675 1693 714 1756 de
734 1693 906 1774 hujusmodi
919 1697 1018 1759 causis

61 1795 225 1860 cognoscere
243 1789 277 1846 et
295 1783 490 1864 pronuntiare
511 1789 607 1866 potest
623 1781 715 1862 judex
733 1782 960 1848 ecclesiasticus.
974 1785 1015 1851 lu

61 1865 371 1954 Sclrmalzgrueberap.
388 1871 484 1935 Bouix
494 1871 548 1950 (De
561 1869 674 1949 ludio,
690 1877 765 1934 tom.
781 1875 811 1950 2,
823 1891 854 1952 p.
869 1875 952 1951 sat).

93 1959 247 2024 cmc-1⁰
265 1959 471 2024 communiter
482 1966 516 2024 ut
529 1966 646 2024 certum
658 1959 785 2024 habetur
799 1958 1017 2041 qubd‚etiamsi

62 2049 170 2112 multus
183 2067 314 2114 uxorem
327 2047 491 2133 expulerit,
506 2049 531 2111 si
546 2053 650 2130 postea
662 2047 745 2134 illam
766 2055 883 2110 revocet
899 2055 929 2111 et
941 2069 1018 2113 uxor

61 2137 122 2200 nolit
148 2139 266 2218 redire,
287 2138 380 2218 judex
407 2137 644 2215 ecclesiasticus,
669 2137 693 2198 si
715 2136 839 2200 maritus
867 2139 1013 2219 postulet,

59 2222 133 2288 debet
151 2228 316 2292 decernere
334 2227 429 2309 ipsius
448 2226 667 2290 restitutionem
683 2245 691 2287 t
707 2243 777 2288 nam
798 2243 896 2289 unum
914 2235 959 2291 est
981 2248 1018 2292 ex

59 2317 172 2398 propriis
189 2316 298 2381 officiis
312 2316 495 2380 matrimonii
516 2314 600 2398 quod
617 2317 762 2398 conjuges
783 2313 873 2379 simul
893 2317 1017 2382 cohabi-

58 2408 120 2465 tent.

90 2497 119 2554 Ξ*
130 2495 213 2559 ldem
228 2501 275 2558 est
287 2491 452 2558 dicendum
465 2495 504 2558 de
517 2513 589 2558 casu
603 2510 664 2576 quo
678 2492 751 2555 alter
765 2494 951 2574 conjugum,
965 2497 1017 2578 qui

57 2585 158 2646 temere
170 2584 304 2667 lugeret,
320 2582 398 2645 redit
415 2583 453 2648 ad
471 2585 599 2646 alterum
617 2585 635 2643 a
653 2598 715 2662 quo
738 2599 799 2643 non
818 2581 977 2664 recipitur,
993 2585 1017 2646 si

58 2683 180 2736 reversus
191 2671 374 2753 judicialiter
387 2679 469 2755 petat
483 2691 516 2735 se
530 2669 645 2735 restitui
658 2670 691 2732 in
704 2667 925 2751 possessionem
944 2691 1017 2737 cun·

56 2775 135 2840 rugis.

90 2851 251 2916 toll-3·
266 2851 296 2916 Si
310 2853 399 2931 verb,
414 2849 446 2914 in
460 2850 518 2914 hoc
530 2849 638 2916 eodem
651 2865 738 2926 casu,
753 2864 816 2912 uon
830 2847 894 2932 ipse
907 2852 1018 2934 conjux

57 2934 202 3004 dbcedens
215 2941 434 3005 restitutionem
447 2945 544 3023 petat,
558 2939 612 3004 sed
621 2938 751 3023 postulet
758 2937 832 3002 alter
844 2937 1016 3023 derelictus,

59 3027 121 3106 quid
133 3029 171 3092 sit
180 3028 361 3112 agendum?

91 3117 118 3178 Si
127 3119 253 3200 questio
262 3123 341 3182 esset
352 3117 391 3181 de
401 3117 590 3200 sponsalibus
602 3165 610 3193 ‚
623 3118 808 3200 jusquidem
821 3137 882 3181 non
896 3117 1018 3183 baberet

57 3201 89 3264 ad
102 3207 316 3270 restitutIonem
330 3225 464 3289 sponsae,
479 3209 551 3270 ciam
565 3205 702 3271 nondum
715 3207 840 3269 illumin
854 3208 1016 3288 possessio-

55 3307 119 3373 nem
131 3295 283 3380 babuerit,
298 3294 351 3360 sed
362 3295 512 3378 postulare
526 3303 627 3378 posset
639 3301 673 3358 ut
686 3295 823 3378 impleret
829 3299 1018 3362 contractum

56 3383 275 3464 sponsalitium,
291 3385 316 3448 si
331 3385 446 3448 nullam
459 3385 668 3467 exceptionem
679 3383 792 3462 iustam
805 3382 934 3465 allegare
948 3403 1017 3468 pos-

56 3477 105 3531 set.
118 3471 177 3534 aen
190 3473 256 3537 uide
266 3473 344 3538 dicta
355 3491 447 3556 supra
461 3475 572 3553 (3996).

91 3559 119 3620 Si
132 3563 258 3642 quaestio
270 3563 310 3626 sit
320 3560 360 3626 de
373 3561 567 3625 matrimonio
581 3607 590 3639 ,
603 3559 651 3624 uel
664 3561 763 3643 agitur
781 3557 897 3624 dorato
910 3565 941 3624 et
954 3581 1015 3626 non

56 3655 274 3733 consummato,
291 3649 339 3717 acl
358 3649 398 3716 (le
415 3655 628 3718 consummato
644 3668 652 3712 ε
667 3650 700 3713 in
719 3649 818 3730 primo
836 3667 926 3718 meu,
941 3669 1015 3715 con·

880 3753 931 3818 οἱ.
