2452 3984
187 204 242 266 rao
406 215 543 264 urucam
561 217 662 263 renus
682 215 764 262 arran
784 216 930 262 canonica.

183 316 314 379 dtibetlo
337 332 430 397 quem
447 323 529 378 actor
546 333 601 396 per
621 333 653 376 se
676 315 721 377 vet
743 333 797 396 per
816 322 1041 395 pmeumtorern
1061 316 1147 396 judici

182 403 325 487 porrigit,
349 403 380 465 in
403 422 464 485 quo
478 403 567 466 instat
586 402 700 484 aliquid
722 403 778 465 sibi
794 401 856 465 fieri
880 402 927 466 vel
941 405 1088 484 praestari.
1105 407 1149 467 Li·

184 493 279 555 bettus
292 492 382 554 debet
402 511 466 554 esse
486 492 605 570 clarus,
620 498 654 554 ut
668 493 760 572 possit
781 509 851 554 reus
864 490 1031 554 deliberare
1051 511 1091 555 an
1108 493 1149 556 liti

183 582 289 644 cedere
305 580 351 644 vei
365 581 480 662 litigare
494 581 549 662 ipsi
564 579 717 662 expediat3
733 579 758 642 si
768 597 855 642 secus
869 578 938 658 fiat,
957 579 1052 660 judex
1065 581 1150 644 debet

183 669 267 733 ilium
280 671 418 748 rejicere,
434 669 506 750 quia
516 670 602 748 juxta
622 667 758 732 libellum
771 668 928 732 ordinetur
947 687 1108 750 processus
1124 677 1150 732 et

183 758 332 842 protertur
346 758 503 820 sententia.
521 756 592 819 Vide
601 775 691 838 supra
701 757 780 820 dicta
789 756 937 820 delibello
947 761 1033 836 (5881
1048 805 1056 832 ,
1071 761 1147 833 etei.

223 852 313 910 eota.
336 881 374 892 —
394 849 431 909 II.
453 849 525 909 Post
538 845 629 907 libelii
644 847 865 926 porrectionem
874 845 912 927 fit
924 850 1029 908 citatio
1042 853 1150 910 utrcus

183 941 348 1000 conventus
360 935 513 1018 petitionis
527 934 565 996 ab
578 939 678 996 actore
692 934 777 997 factae
796 934 933 997 notitiam
945 933 1072 1010 habeat3
1092 935 1150 998 baec

183 1026 283 1089 citatio
297 1024 361 1088 beri
376 1025 452 1087 solat
465 1024 530 1086 sine
543 1022 730 1105 appositione
743 1041 859 1105 poenae:
875 1040 962 1086 secus
976 1028 1079 1085 umen
1090 1043 1152 1104 pre

183 1114 299 1176 ceditur
313 1114 344 1175 in
359 1111 540 1196 quibusdam
553 1111 666 1191 curiis,
681 1111 735 1174 sed
749 1111 780 1174 in
793 1110 851 1174 hoc
865 1129 936 1174 casu
949 1117 984 1173 ut
997 1130 1088 1192 poena
1110 1113 1151 1174 in-

184 1209 335 1279 curratur,
350 1201 512 1283 requiritur
521 1207 554 1264 ut
563 1200 735 1283 praefigatur
748 1201 896 1266 terminus
909 1200 1022 1281 aliquot
1036 1200 1151 1263 diemm

184 1309 254 1352 cum
269 1290 359 1354 verbo
367 1289 584 1373 peremptorie·
595 1289 663 1352 vide
677 1291 801 1372 insuper
810 1289 888 1352 dicta
903 1289 1043 1370 superius
1055 1293 1152 1368 (5891-

184 1382 284 1458 5900).
307 1380 377 1442 Dari
391 1377 502 1442 debent
514 1397 567 1442 reo
580 1382 620 1442 20
637 1377 702 1442 dies
720 1384 788 1462 post
806 1378 898 1442 libelli
922 1377 1109 1442 oblationem
1123 1386 1152 1443 ut

184 1467 338 1530 deliberet.
352 1467 476 1531 -Vide
489 1467 593 1530 Deveti
606 1473 680 1530 tom.
699 1470 739 1547 3,
753 1467 799 1531 tit.
815 1471 849 1546 5,
865 1468 883 1548 ᾗ
899 1470 927 1530 t.

224 1561 314 1620 6043.
336 1591 377 1606 -
396 1559 445 1619 ΙΠ.
468 1557 512 1620 De
524 1555 704 1620 contumeeid
719 1562 773 1620 rei.
788 1557 818 1619 Si
833 1573 903 1620 reus
916 1564 1084 1621 conventus
1094 1577 1151 1622 non

184 1647 387 1727 comparuerit
398 1646 447 1708 die
461 1647 637 1723 constitute,
649 1652 677 1708 et
691 1665 849 1727 processus
864 1645 916 1708 fiat
926 1647 1011 1726 juxta
1025 1647 1152 1711 formare

184 1734 384 1813 ordinariam,
399 1735 437 1799 de
451 1735 641 1798 contumacia
655 1742 813 1797 accusatur
831 1735 880 1797 die
901 1737 1114 1818 subsequenti,
1130 1739 1150 1800 si

184 1842 246 1885 nen
269 1825 307 1886 sit
327 1823 468 1900 festivus;
491 1825 514 1886 si
532 1824 602 1886 verb
622 1823 786 1886 summarie
809 1823 1007 1906 procedatur,
1032 1844 1094 1888 non
1117 1826 1152 1888 nd

180 1913 256 1991 iuris
270 1913 368 1994 apices
382 1933 430 1976 res
442 1913 609 1996 peragitur,
622 1911 675 1973 sed
684 1913 802 1982 tantiam
808 1913 894 1994 Juxta
907 1912 974 1976 sacti
986 1915 1150 1977 veritatem.

183 2002 294 2065 Ultima
307 2003 496 2065 contumacia
509 2000 676 2064 accusanda
690 2007 733 2062 est
756 2007 825 2082 post
839 2001 957 2083 lapsum
977 2002 1070 2066 trium
1090 2003 1151 2067 dic-

184 2109 252 2153 rum
271 2093 288 2152 a
311 2090 360 2153 die
377 2091 483 2172 primae
501 2090 699 2152 contumaciae
721 2095 866 2152 accasatae
880 2090 1003 2172 quarrdo
1024 2109 1096 2155 reus
1110 2099 1152 2155 est

184 2197 316 2259 praesens
327 2181 358 2241 in
368 2179 433 2242 tuce
440 2177 561 2258 judicii,
572 2178 596 2238 si
608 2177 679 2239 verb
692 2176 731 2238 sit
741 2183 825 2240 extra
839 2179 1022 2241 territorium
1034 2181 1151 2260 judicis,

183 2267 316 2329 aoeusari
336 2267 426 2328 debet
439 2266 516 2327 intra
532 2266 609 2328 duos
629 2283 766 2344 menses,
787 2271 816 2328 et
830 2267 855 2328 si
869 2268 947 2330 intra
969 2271 1151 2334 territorium

184 2354 290 2432 suerit,
306 2355 434 2417 sednon
449 2354 480 2416 in
494 2354 560 2416 loco
571 2351 690 2434 judicii,
706 2357 840 2417 accusari
855 2363 952 2437 potest
967 2357 1046 2420 intre
1065 2379 1150 2422 man-

183 2461 248 2506 sem
261 2445 280 2505 b
292 2443 342 2507 die
355 2443 461 2526 prime
475 2443 683 2508 contumaciae.
699 2475 739 2490 -
753 2443 783 2505 Si
798 2443 827 2505 in
843 2444 949 2508 ultime
962 2451 1151 2512 contumacit

183 2550 252 2596 rcus
266 2541 430 2596 conventus
444 2551 498 2615 per
511 2550 544 2595 se
555 2532 602 2594 vel
616 2550 670 2614 per
683 2538 909 2613 procuratorem
926 2539 1149 2617 comparuerit,

183 2620 386 2685 admittendus
408 2623 482 2699 erit;
504 2621 529 2684 si
542 2639 641 2686 secus.
660 2620 911 2685 condemnandus
925 2625 981 2686 erit
995 2625 1028 2686 in
1042 2633 1149 2690 contu·

183 2711 291 2772 macie.

223 2801 312 2861 6044.
335 2831 375 2844 -
394 2801 445 2862 IV.
469 2797 512 2860 lie
525 2798 607 2880 cupid
621 2798 731 2862 libelli.
748 2799 952 2883 Ouandopost
964 2801 1147 2881 citationem,

182 2904 252 2949 rens
265 2893 418 2968 comperet
438 2905 541 2950 coram
555 2889 660 2967 curia,
678 2887 789 2952 babere
808 2888 897 2952 debet
909 2891 1029 2972 copiam
1048 2892 1147 2957 libelli.

223 2979 312 3040 outo.
335 3009 375 3024 -
395 2977 432 3038 V.
455 2976 500 3038 De
519 2977 737 3059 exceptionibus
758 2977 978 3058 declinatoriis,
1001 2979 1149 3044 dileton'ia

181 3071 212 3128 et
225 3065 443 3147 peremptoriis.
469 3063 500 3126 Si
513 3065 704 3146 exceptiones
724 3084 878 3148 opponere
900 3065 970 3129 velit
990 3086 1080 3147 reus,
1094 3071 1149 3134 hoc

182 3153 280 3217 faeere
297 3155 386 3216 debet
405 3157 474 3215 ante
494 3151 553 3215 litis
570 3154 834 3230 contestationem
856 3159 886 3216 et
908 3156 1043 3237 primbm
1063 3158 1148 3222 debet

182 3260 351 3326 proponere
364 3257 415 3304 eas
428 3259 496 3322 quae
508 3259 668 3323 pomonam
680 3242 791 3322 judicis
811 3243 994 3324 respiciunt,
1009 3251 1042 3308 et
1060 3246 1145 3310 decli-

182 3331 308 3392 natorice
322 3331 464 3394 dicuntur
473 3377 481 3405 ,
490 3349 517 3392 v.
530 3349 560 3412 g.
576 3331 659 3412 quod
673 3331 839 3413 habeetjns
852 3333 1064 3414 exemptionis,
1080 3337 1146 3418 quia

182 3419 272 3480 rebus
290 3419 333 3480 sic
346 3418 530 3480 exstantibus
543 3417 731 3482 adulteriora
742 3419 862 3501 procedi
879 3421 997 3502 nequit,
1013 3430 1043 3485 et
1057 3425 1081 3487 si
1093 3423 1146 3487 tue
1164 3487 1168 3496 ,

183 3507 373 3584 exceptiones
383 3507 583 3570 declinatoriae
594 3525 656 3570 non
665 3515 902 3590 opponerentur,
917 3529 989 3574 rcus
1000 3511 1146 3576 videretur

183 3593 353 3655 consentire
366 3595 398 3655 in
408 3593 552 3672 judicem.
