2452 3984
399 291 486 340 amre
506 289 639 337 scurrus.
954 273 1009 338 ate

43 385 210 449 addiscendi
225 391 332 465 lacdlo;
348 407 436 451 secus
450 393 552 450 mmen
567 387 592 448 si
606 405 644 449 ex
664 391 839 468 contemptu
853 388 1013 466 Ecclesiae,

43 481 125 556 prout
134 481 215 538 esset
228 477 254 538 si
268 478 337 558 quis
351 495 414 540 non
428 483 547 540 curaret
565 475 642 538 seire
661 475 735 557 quid
748 475 887 540 Ecclesia
907 480 1014 542 sentiat

43 565 75 626 dc
88 568 143 627 sut
156 565 314 647 opinione.
332 565 407 630 Vide
422 567 513 629 etiam
524 565 563 627 de
576 563 623 626 his
634 563 779 626 hlelchior
793 563 889 644 Cano,
904 567 949 630 De
959 567 1019 638 loe.

44 653 163 734 tlteoloy.
188 651 290 736 (Cum.
311 653 439 738 compl,
462 661 537 717 tom.
554 657 592 730 l,
611 651 670 716 col.
694 653 779 736 770).
791 687 831 702 -
845 655 876 719 S.
893 656 1012 739 higuer.

41 747 138 808 stamen
153 741 222 824 (lib.
238 749 272 815 l,
289 743 400 827 n⁰3tll)
410 741 645 826 probabiliorem
656 741 936 806 hahetsententiam
947 765 1016 827 quae

44 835 120 895 tenet
133 833 226 894 etiarn
239 839 313 896 tunc
327 852 389 896 non
413 831 527 896 incurri
548 831 895 895 excommunicationem
912 840 1017 898 contra

44 919 196 984 haereticos
211 921 319 996 latam,
335 923 406 1003 quia
419 921 562 986 Ecclesiae
577 937 639 982 non
657 919 835 982 contradicit
857 921 910 1002 qui
924 924 1018 986 nescit

45 1027 72 1070 se
92 1010 237 1074 Ecclesiae
259 1009 485 1090 contradicere,
506 1009 547 1073 ob
573 1025 800 1091 quamcumque
816 1008 1018 1091 ignorantiam

44 1097 96 1160 hoc
109 1097 211 1162 iaciat.
270 1115 275 1128 ·

80 1188 352 1252 filialitatem
363 1187 1019 1272 eoqaiprofiteturrelz'qioaemelirt'slionom;

44 1276 177 1358 alioquin
191 1285 270 1340 esset
283 1275 433 1340 infidelis:
446 1277 509 1340 imo
530 1282 564 1340 ut
582 1276 741 1340 haereticus
757 1295 864 1360 poenas
875 1279 1018 1343 Ecclesia

45 1367 194 1444 incurrat,
210 1367 374 1448 baptizalus
387 1385 453 1430 esse
467 1366 567 1429 debet.

80 1455 264 1518 ortu-11.
277 1455 407 1520 'llaeresis
417 1455 475 1518 alia
488 1463 533 1518 est
546 1457 622 1538 pure
633 1455 784 1536 mentalis,
797 1477 865 1541 quae
874 1457 906 1520 in
915 1463 1018 1522 mente

43 1545 215 1607 continetur
233 1544 378 1627 nulloque
400 1551 468 1608 actu
493 1551 618 1608 externo
639 1545 801 1628 proditur:
823 1547 881 1610 alia
903 1553 946 1610 est
965 1566 1018 1610 ex-

44 1641 143 1711 terna,
159 1652 229 1714 quae
244 1635 346 1716 aliquo
358 1641 436 1697 ,actu
451 1639 574 1698 externo
588 1635 742 1699 moraliter
755 1635 836 1699 malo
850 1635 1019 1700 manifesta-

45 1730 109 1799 tur;
126 1723 236 1785 dicitur
248 1722 405 1786 moraliter
417 1721 609 1787 melotuude
628 1742 733 1806 poenas
755 1731 860 1788 contra
880 1723 1018 1789 haeresim

46 1811 118 1874 latas
136 1831 198 1876 non
220 1813 347 1876 incurrit
360 1813 412 1896 qui
427 1830 514 1874 suam
528 1812 668 1876 haeresim
683 1813 853 1876 manifestat
865 1814 904 1876 ad
917 1821 1019 1896 pelen·

47 1904 118 1962 durn
131 1901 312 1964 consilium:
328 1901 396 1964 ride
415 1903 447 1965 S.
462 1902 607 1983 Lignea,
632 1901 684 1963 lib.
697 1905 736 1979 l,
762 1903 795 1963 n⁰
814 1905 873 1965 aot
888 1924 895 1975 ;
911 1903 1020 1966 sufficit

48 1995 144 2054 tamen
163 1990 202 2054 ad
219 1991 272 2054 has
296 2009 401 2074 poenas
424 1989 621 2054 incurrendae
641 1995 675 2052 ut
696 1989 895 2052 manifestatio
911 1993 1021 2054 erroris

46 2079 83 2140 sil
98 2085 243 2157 externa,
259 2081 314 2143 etsi
328 2079 443 2144 occulta
467 2076 535 2160 (ih,
560 2077 645 2161 305).
661 2079 792 2140 Externa
805 2084 907 2142 autem
925 2087 1020 2162 potest

46 2185 110 2230 esse
132 2169 181 2231 oet
198 2168 329 2247 occulto,
345 2188 413 2250 quae
427 2169 549 2250 penitus
563 2169 734 2247 ignoretur,
753 2167 826 2229 velt
841 2173 903 2230 tam
917 2170 1020 2251 paucis

45 2258 238 2338 cognoscitur
252 2258 394 2340 utpossit
407 2257 509 2339 alique
522 2255 766 2338 tergiversatione
781 2256 871 2320 celari
879 2277 889 2334 ;
904 2256 951 2320 uel
961 2279 1021 2322 mo·

44 2347 166 2426 miseeto,
184 2366 253 2428 quae
277 2349 294 2410 h
309 2347 448 2429 plurimis
470 2346 682 2427 cognoscitur,
706 2365 762 2409 nec
776 2345 906 2428 amplius
924 2353 1021 2430 potest

44 2435 154 2496 celari:
170 2435 209 2498 de
222 2436 279 2498 hac
293 2437 337 2498 sic
350 2435 441 2497 habet
453 2453 517 2516 cap.
537 2434 635 2517 Super
647 2433 820 2516 quibusdam
830 2439 880 2508 26,
892 2435 927 2498 de
940 2437 1019 2498 verb.

44 2523 173 2606 eiecit:
194 2546 210 2585 c
225 2527 289 2587 Tua
301 2522 418 2586 devotio
431 2523 590 2606 postulavit
601 2526 618 2584 a
630 2521 723 2586 Nobis
742 2525 795 2605 qui
817 2530 890 2586 sunt
901 2523 1022 2587 dicendi

45 2631 61 2670 a
86 2612 218 2676 haretici
232 2612 382 2696 manifesti
399 2631 411 2676 .·
427 2631 517 2695 super
537 2629 599 2694 quo
612 2611 666 2673 tihi
680 2611 822 2674 duximus
840 2612 1022 2695 responden·

45 2723 62 2758 n
85 2701 160 2764 dum
176 2703 243 2766 illos
266 2721 332 2766 esse
353 2699 564 2784 intelligendos
587 2701 762 2763 manifestos
776 2701 954 2783 hereticos,
970 2705 1021 2784 qui

46 2812 62 2848 s
86 2799 192 2854 contra
217 2791 309 2854 iidem
332 2791 454 2874 publice
479 2789 664 2874 praedicant,
692 2795 744 2853 aut
766 2789 944 2872 profitentur
968 2811 1022 2856 seu

47 2902 63 2938 o
85 2881 255 2944 detendunt
268 2899 375 2944 eorum
394 2881 603 2959 errorem‚vel
622 2881 675 2962 qui
690 2899 793 2944 coram
806 2881 939 2945 Praelatis
958 2884 1021 2947 suis

48 2990 64 3026 o
86 2971 215 3033 convicti
230 2976 320 3048 sunl,
335 2969 382 3033 vel
394 2969 540 3048 confessi,
555 2968 602 3032 vel
617 2969 654 3030 ab
668 2969 712 3032 eis
721 2971 935 3035 sententialiter
948 2991 1021 3036 con·

49 3057 222 3125 »remeari
254 3077 346 3141 super
372 3059 512 3122 haeretica
542 3059 694 3140 pravitate.
720 3079 736 3118 o
766 3060 921 3124 ltlaniiesta
951 3061 1022 3124 vero

50 3164 113 3212 esse
133 3154 233 3232 potest
252 3148 375 3212 haeresis
397 3147 446 3211 vel
468 3147 645 3210 notorietate
657 3148 758 3230 juris,
777 3150 824 3213 vel
847 3148 1022 3212 notorietate

47 3235 133 3316 faeti.
150 3237 228 3301 Vide
241 3255 334 3319 supra
348 3239 449 3318 (3206,
464 3239 565 3318 5997).

87 3327 179 3390 filli.
202 3330 329 3408 insuper
357 3327 438 3389 circa
455 3323 592 3389 haeresim
613 3326 839 3408 distinguuntur
858 3323 1018 3398 credentes,

48 3415 176 3496 relapsi,
191 3416 317 3498 suspecti
334 3415 369 3478 de
390 3415 496 3478 haeresi
509 3423 538 3477 et
550 3416 699 3498 complices
711 3437 721 3477 :
734 3433 788 3498 per
808 3413 954 3476 eredentes
973 3415 1020 3478 iu·

48 3502 226 3586 telligunlur
245 3510 406 3570 sectatores
424 3503 688 3568 haeresiarcharum
700 3525 708 3582 ;
722 3522 777 3586 per
797 3503 923 3586 relapsos
934 3503 953 3566 ii
968 3506 1021 3588 qul

50 3601 212 3677 postquam
229 3611 318 3659 suam
330 3593 469 3658 heresim
482 3593 583 3676 palam
596 3595 808 3675 duraverunt,
823 3591 861 3653 ad
874 3593 1020 3656 vomitum

50 3695 142 3748 tuum
155 3690 366 3762 revertuntur;
380 3683 505 3768 suspecti
517 3682 552 3746 de
564 3683 669 3747 herem
679 3687 749 3744 sunt
763 3679 805 3742 illi
814 3682 866 3760 qui
880 3681 949 3745 licet
961 3681 1020 3746 lue·
