2572 4006
254 475 512 546 lllSSEllTllTlO
535 475 585 542 llll
609 473 871 544 natumnatum.

510 663 624 674 .—

111 809 131 860 l.
149 835 183 852 ι-
199 807 378 858 Kannnnnnlurl
390 799 403 850 la
415 799 492 850 uerbo
505 799 615 850 Kolenda
632 799 706 860 venit,
727 798 793 864 qnod
806 799 963 865 ipsummetd
980 801 1052 852 nerlio

79 881 159 931 relnre
177 893 223 930 eeu
244 887 385 928 oonvonara
404 871 536 933 derivatur,
557 870 585 920 ed
609 870 674 937 qudd
693 870 733 921 die
750 871 927 933 Kalendarum,
948 873 1053 938 populns

80 951 205 1002 llomanua
218 945 327 1015 singulis
338 942 463 995 mensibus
472 941 648 1002 advocabatur,
661 940 718 992 ulei
729 941 868 994 Neomeniaa
881 949 905 993 et
916 941 968 994 dies
977 943 1053 993 Nona·

79 1036 131 1070 rrirn
150 1022 332 1073 indicarentur.
346 1016 397 1066 llale
413 1012 615 1066 denominatione
628 1019 784 1078 nuncupatus
797 1012 843 1062 luit
862 1012 951 1064 deinde
965 1014 1053 1064 modus

78 1091 243 1144 distribuendi
257 1097 283 1144 et
291 1085 452 1154 computandi
467 1084 528 1144 dies,
547 1090 655 1150 tempora
668 1090 694 1134 et
705 1083 766 1136 festa
781 1084 851 1150 juxta
864 1091 945 1136 motus
958 1086 1018 1136 solis
1030 1092 1053 1136 et

80 1163 152 1216 lune.
165 1163 233 1228 (lide
247 1165 310 1217 Gen.
324 1175 346 1210 e.
359 1159 413 1220 l,v.
427 1156 478 1221 lt.)

106 1257 130 1306 2.
150 1255 260 1307 Solantia
283 1247 424 1303 Kalendarii
444 1254 559 1314 tanquam
581 1262 636 1314 para
656 1246 817 1298 institutionis
837 1246 1008 1300 aeclesiastica
1028 1247 1053 1298 in

78 1325 216 1378 rerrrinnriia
230 1323 358 1377 tradendae
371 1319 524 1372 exhibetnrd
538 1319 647 1372 Concilio
655 1319 798 1371 Tridentino
813 1321 883 1382 (sess.
895 1320 936 1383 23,
949 1335 1002 1386 eap.
1014 1321 1052 1384 18,

77 1401 103 1450 de
111 1398 228 1464 reform.)
237 1413 246 1448 t
256 1415 266 1444 r
276 1394 309 1446 Ut
323 1393 348 1444 in
362 1393 490 1460 disciplina
503 1392 669 1444 ecelesiastici
683 1391 839 1444 norrtmodids
852 1391 1051 1456 instituantur...‚

78 1489 87 1516 ¹
106 1469 294 1536 perpinianum,
316 1464 416 1525 moins,
439 1465 546 1530 computi
564 1465 734 1530 anomalia,
759 1465 912 1534 aliarumque
932 1464 1052 1518 bonarum

77 1560 87 1590 a
106 1542 198 1594 artium
211 1533 370 1602 disciplinam
382 1533 486 1586 dionant.
506 1553 517 1583 a

575 1725 584 1776 Ι

588 1762 594 1774 Ι

274 1855 353 1911 rouo
363 1854 473 1905 notiones
484 1853 549 1904 urea
562 1851 704 1902 &monem
716 1855 863 1917 temporem.

108 2019 132 2069 ³.
151 2016 223 2068 llolu
236 2005 295 2060 solia
307 2013 333 2058 et
342 2007 407 2057 lune
420 2004 614 2058 determinantur
626 2005 684 2065 dier,
700 2019 798 2056 menaea
810 2013 834 2056 et
845 2007 913 2059 oniti.

108 2112 127 2162 l.
145 2111 205 2164 Dies
214 2101 390 2158 astronomiam
402 2107 439 2153 est
450 2098 567 2168 temporie
580 2099 685 2164 spatium
698 2115 748 2166 quo
760 2101 797 2152 eol
813 2099 844 2151 ab
857 2099 940 2168 aliquo
952 2101 1047 2155 circulo

78 2181 220 2234 meridiano
244 2174 378 2241 digressus,
403 2173 433 2224 ad
458 2173 571 2223 rumdam
594 2171 731 2232 revertitur,
755 2189 799 2223 seu
823 2174 910 2223 reverti
934 2173 1046 2236 videtur;

76 2255 180 2321 qnippe,
194 2247 330 2300 seeundum
343 2245 484 2311 opinionem
496 2243 571 2296 hodie
581 2242 752 2295 universaliter
761 2250 893 2310 receptam,
907 2244 1050 2308 hujusmodi

77 2322 205 2376 revolutio
222 2317 337 2370 rotationi
349 2323 420 2368 tarra
436 2331 513 2383 aaupar
531 2313 630 2382 proprio
648 2330 702 2377 axe,
719 2329 769 2368 non
789 2313 846 2366 vend
858 2314 979 2380 gyrationi
992 2316 1050 2368 solis

77 2397 145 2448 eirea
159 2402 261 2452 terram,
275 2387 404 2440 tribuenda
417 2393 464 2442 eat.

109 2491 133 2540 l.
155 2483 256 2538 lluralio
275 2481 324 2534 diei
340 2481 444 2546 inlallipi
464 2485 545 2546 potest
567 2477 607 2530 rel
625 2477 762 2530 serrandum
783 2483 878 2542 lempna
897 2493 992 2542 nomm,
1012 2483 1050 2534 rel

83 2557 220 2612 reeundinn
232 2560 327 2619 lempna
338 2553 465 2603 medinm:

111 2648 256 2703 Secundum
270 2656 365 2709 lempna
376 2646 484 2697 manlium
496 2643 548 2696 dies
567 2648 625 2693 aunt
642 2643 749 2708 perleeld
764 2639 871 2707 equales
889 2649 914 2696 al
929 2645 961 2696 al
977 2646 1049 2700 horae

76 2722 227 2778 continent:
241 2725 337 2782 tenuius
349 2716 415 2767 enlm
427 2717 535 2767 mendum
546 2719 583 2764 ael
594 2713 654 2764 lrora
667 2727 741 2779 quam
753 2712 875 2765 indicaret
892 2715 1048 2785 horologium

78 2805 209 2856 nunquam
224 2787 332 2848 devians,
346 2801 457 2852 quaeque,
472 2792 527 2851 post
539 2786 597 2837 anni
607 2783 737 2846 annulum,
757 2783 836 2836 solam
853 2785 878 2836 in
897 2789 985 2840 audam
998 2791 1049 2842 eir·

77 2863 137 2914 aulo
152 2859 288 2910 nreridiano
300 2856 429 2907 inveniret.

111 2951 256 3002 Soeundlrm
275 2954 356 2999 autern
381 2953 475 3013 tempus
489 2963 573 3001 aarum
591 2947 645 3000 dieu
669 2964 719 3002 non
737 2956 796 3001 aunt
814 2950 878 3002 inter
898 2969 925 3004 aa
941 2955 1048 3020 perlaeta

77 3019 190 3084 aquales
201 3035 207 3068 :
219 3033 275 3068 narn
292 3023 387 3083 tempus
404 3034 490 3072 uerum
508 3025 545 3071 est
561 3026 712 3072 momentum
731 3037 781 3088 quo
798 3023 880 3072 reveri
894 3025 932 3074 sol
951 3025 1048 3090 attingit

79 3091 179 3168 lineam·
193 3087 352 3140 meridianam
372 3089 445 3142 alicui
461 3091 517 3144 loco
535 3093 656 3158 propriam
673 3107 680 3142 r
696 3092 770 3158 porrd
784 3092 797 3142 ia
811 3100 936 3144 momento
949 3110 998 3160 quo
1011 3099 1047 3147 sol

80 3156 221 3218 digreditur
233 3159 264 3209 ab
276 3161 358 3226 aliquo
377 3161 470 3214 olrnulo
489 3163 624 3215 meridiano
644 3179 723 3228 usque
742 3163 771 3214 ad
786 3171 937 3214 momentum
954 3168 1048 3229 quoad

24 3287 32 3300 ι
81 3224 198 3277 eumdem
224 3231 360 3295 revertitur,
381 3248 431 3284 nun
449 3249 546 3301 semper
570 3234 676 3287 elabitur
701 3233 766 3286 idem
785 3234 901 3299 temporie
924 3237 1046 3300 spatium,

80 3292 127 3345 aed
137 3293 190 3350 hee
202 3301 323 3355 revolutio
342 3303 466 3358 interdum
482 3305 564 3369 nitide,
578 3305 701 3356 interdum
722 3304 816 3356 tardiirr
829 3304 962 3371 perficitur,
975 3315 1048 3375 prout

80 3369 269 3438 comprobatum
292 3375 338 3426 luit
349 3375 379 3427 ab
396 3377 562 3441 astronomia,
575 3375 618 3445 qui
637 3375 692 3428 illas
707 3376 854 3428 variationes
870 3375 906 3429 aie
921 3387 1047 3444 exponunt

80 3457 125 3510 pro
137 3457 203 3496 anno
215 3445 273 3498 1861
287 3447 437 3514 (Extraetnm
449 3467 479 3503 ex
491 3465 564 3520 opere
577 3447 617 3501 eui
633 3447 719 3501 tilulus
733 3447 881 3503 :Aaouuira
898 3451 982 3518 pullie'
999 3467 1046 3524 poa

81 3517 103 3570 le
114 3515 206 3570 dorcon
218 3518 258 3574 der
268 3519 411 3590 torrplnna)
423 3537 431 3574 a
