2548 3988
478 225 564 273 unna
583 225 718 276 ruamus.
1020 219 1076 284 ast

109 318 201 382 curiae
214 319 349 384 saeoufori
358 320 434 383 tradi
444 319 533 385 debet
542 323 619 405 (cap.
635 323 710 387 Cium
720 343 777 388 non
790 325 828 388 ab
843 327 959 393 domine
971 332 1077 412 citat).

109 409 170 471 Fur
194 409 341 490 occultus,
371 413 490 492 peracta
517 414 693 494 poenitentia
719 421 750 478 et
774 415 853 481 faott
878 418 1077 503 restitutione,

2 557 3 568 ,
107 496 223 559 admitti
234 499 376 580 potestad
385 499 518 578 ordines;
527 520 584 566 nee
594 509 639 567 est
648 503 852 590 iufamisfoop.
864 524 901 571 ex
909 507 1037 575 Litteris
1045 515 1076 589 53

2 612 3 658 p
107 591 136 646 et
150 604 217 668 cap.
230 587 328 652 Fures
339 593 370 668 2,
385 588 419 653 de
429 589 545 671 furtis).

148 676 311 758 Regulares
322 683 424 742 autom
436 677 519 744 fures
531 682 676 764 puniendi
690 685 854 766 suntjunta
868 687 982 771 proprii
995 689 1076 754 ordi-

70 791 72 794 ·
110 763 157 827 nis
170 772 287 830 statute.
304 767 380 832 Vide
392 769 524 834 Ferrenis
538 773 579 851 (vf
594 774 699 848 Poena,
716 783 758 836 η’·
773 775 924 857 tta-tat).

149 858 348 920 sues-11.
370 859 468 923 Usura
490 865 535 922 est
556 862 751 946 quodcumque
781 864 895 927 Inuum
916 885 955 930 en
976 878 1077 932 mutuo

108 941 229 1028 precisi
240 943 272 1009 uf
282 965 333 1009 seu
345 953 459 1012 ratione
471 949 570 1012 mutui
583 954 764 1033 proveniens.
780 952 856 1016 Vide
871 953 1024 1040 theologos
1041 959 1077 1024 de

108 1042 219 1098 mutuo.

147 1125 232 1189 Uftre
243 1125 458 1209 obligationem
471 1129 663 1210 restituendi,
678 1133 806 1197 usurarii
820 1133 927 1198 notorii
942 1151 997 1200 seu
1010 1155 1074 1201 mo-

108 1213 208 1277 nifesti
220 1217 415 1300 sequentibus
427 1219 712 1302 poenissubjaccm:
729 1225 759 1284 1⁰
775 1222 901 1287 infames
915 1227 1072 1310 sunt(oap.

0 1344 1 1347 =
109 1303 238 1386 Infames
251 1311 281 1384 t,
296 1323 386 1371 causa
399 1311 429 1384 ³,
441 1327 473 1390 q.
488 1313 526 1386 '13
539 1326 605 1392 cap.
622 1309 753 1373 Dilectus
765 1314 813 1387 13,
827 1312 861 1376 dc
871 1333 976 1377 eneces.
992 1319 1075 1380 Pru-

109 1393 178 1476 lct.)
187 1415 196 1472 ;
212 1401 245 1458 Ξ·
260 1395 286 1458 si
298 1397 398 1462 clerici
417 1397 495 1476 sint,
513 1403 544 1461 et
556 1399 662 1461 moniti
677 1419 739 1462 non
753 1401 909 1481 desistant,
923 1402 962 1466 ab
975 1404 1075 1468 officio

109 1491 138 1547 et
152 1485 298 1550 beneficio
316 1493 387 1550 sunt
400 1487 603 1570 suspendendi
616 1495 647 1552 et
663 1489 835 1572 deponendi
849 1492 926 1574 (oep.
950 1492 1074 1576 Episco-

106 1593 160 1658 pus
175 1578 284 1658 t,oop.
301 1576 459 1656 Quonam
474 1581 505 1640 et
517 1595 584 1659 cap.
598 1577 636 1640 Si
653 1579 721 1662 puis
739 1583 778 1657 5,
798 1579 868 1642 dist.
883 1583 935 1659 at,
951 1583 1040 1662 eto.):
1057 1603 1075 1646 a

108 1663 223 1728 fortiori
236 1666 400 1748 repellendi
413 1681 486 1731 sunt
497 1667 515 1728 a
528 1665 620 1729 sacris
637 1666 794 1732 ordinibus
806 1669 1019 1752 suscipiendis,
1036 1673 1075 1734 ab

108 1753 214 1817 officiis
226 1761 258 1817 et
270 1755 424 1819 beneficiis
436 1753 608 1818 obtinendis
619 1759 697 1839 (cap.
715 1758 758 1820 De
771 1757 864 1822 Petro
876 1764 907 1838 t,
923 1759 992 1824 dist.
1011 1765 1072 1841 tt),

108 1849 211 1926 utpote
225 1843 368 1922 infames3
392 1847 424 1910 3·
438 1845 463 1908 si
478 1843 545 1908 laici
568 1844 648 1923 sint,
670 1847 925 1911 excommunicari
946 1849 1072 1929 debent,

1 1927 3 1944 '
109 1933 279 2016 usquedum
294 1934 492 2000 satisfecerint
505 1939 583 2018 (cap.
599 1932 747 1998 Praeterea
760 1939 791 2013 7,
806 1936 841 1999 de
854 1939 976 2018 usuris);
989 1945 1023 2001 4⁰
1036 1940 1074 2003 ad

108 2025 356 2088 communionem
369 2023 469 2088 alteus
477 2041 540 2087 non
551 2029 621 2087 sunt
629 2022 818 2104 admittendi,
829 2031 911 2090 textu
921 2045 1072 2108 expresso,

109 2114 140 2177 in
160 2134 227 2198 cap.
245 2114 321 2193 Quin
334 2114 367 2175 in
381 2113 513 2177 manibus
525 2117 556 2192 3,
578 2113 613 2177 dc
632 2113 728 2176 usun's
737 2129 752 2190 ,·
771 2117 805 2177 5⁰
826 2115 850 2177 si
866 2115 1022 2179 manifeste
1042 2118 1074 2179 in

109 2213 230 2286 peccato
243 2203 442 2282 decesserint,
456 2221 559 2268 carere
571 2201 683 2266 debent
696 2201 895 2268 ecclesiastica
908 2205 1073 2288 sepultura,

106 2295 190 2374 Juxta
203 2293 282 2358 diota
293 2313 385 2378 supra
399 2295 515 2377 toneat:
530 2292 563 2356 iu
578 2311 641 2376 quo
654 2299 756 2357 temen
770 2311 843 2358 casu
857 2295 972 2358 consuli
986 2295 1075 2360 debet

107 2383 284 2448 Ordiuarius
305 2385 437 2448 maxime
458 2382 484 2447 si
507 2381 546 2445 de
564 2382 708 2446 usurariis
727 2382 791 2446 sold
810 2383 986 2448 notorietnte
1005 2384 1074 2449 facti

146 2483 257 2538 eretur.

106 2492 282 2630 agdsursrii
296 2562 444 2628 manifesti
459 2563 619 2626 incurrunt
632 2562 754 2643 insuper
768 2562 868 2643 plures
881 2563 954 2626 alias
971 2583 1074 2647 poenas

106 2652 203 2718 veliis
218 2654 307 2737 plecti
321 2657 464 2736 possunt,
476 2657 510 2714 ut
522 2650 622 2714 videre
633 2657 679 2714 est
691 2669 740 2733 ep.
757 2651 891 2714 Ferraris
904 2652 944 2732 (u
958 2653 1072 2736 flaura,

106 2743 146 2808 11¹¹
161 2748 271 2808 aetus
289 2790 297 2806 .

147 2837 236 2899 6297.
260 2745 336 2898 gunt
355 2832 445 2896 etiam
467 2830 555 2914 plura
575 2830 632 2894 alia
654 2829 762 2894 delicta
781 2837 884 2895 contra
903 2833 1071 2913 justitiam:

108 2923 235 2987 sufficiat
247 2922 297 2986 hic
309 2921 421 3004 aliquid
435 2920 570 2984 delibare
613 2917 652 2984 de
663 2918 868 2985 incendiariis.

148 3012 352 3076 incendiarius
362 3009 481 3096 proprie
491 3009 642 3093 loquendo
655 3014 700 3072 est
713 3010 765 3093 qui
781 3011 860 3074 malo
871 3011 970 3076 studio
983 3032 1073 3095 appo·

1 3140 2 3143 κ
110 3099 157 3162 nit
173 3101 294 3181 ignem,
311 3101 357 3164 vel
377 3099 494 3163 adhoc
515 3097 711 3178 mandatum,
730 3099 893 3180 auxilium,
914 3101 1073 3164 consitium

108 3188 180 3296 dat,
196 3193 231 3251 ut
241 3189 437 3254 incendantur
454 3189 501 3252 vel
514 3189 594 3252 aedes
615 3187 663 3253 vel
683 3193 798 3270 segetes
811 3189 856 3252 vel
870 3189 928 3252 alie
944 3189 1072 3272 proximi

108 3283 238 3434 militib.
254 3369 327 3432 June
335 3369 479 3433 canonico
489 3367 666 3433 incendiarii
679 3369 871 3432 eeclesiarum
884 3368 1072 3448 aliorumque

106 3477 263 3524 sacrorum
284 3458 434 3539 locorum,
448 3465 479 3523 et
499 3459 636 3524 locorum
654 3457 727 3540 ipsis
744 3458 957 3539 contiguorum
977 3455 1015 3518 ad
1033 3460 1072 3522 30

1 3619 2 3628 ,
107 3569 227 3634 pessus,
240 3549 265 3612 si
280 3548 427 3614 malitiose
440 3548 471 3612 id
484 3547 610 3626 faciant,
624 3545 691 3632 ipso
702 3548 771 3627 jure
784 3551 856 3610 sunt
868 3549 1071 3610 excommuni-

107 3639 163 3704 cati
177 3658 185 3701 ε
198 3638 262 3703 beo
275 3638 468 3702 deducuntur
479 3655 516 3699 ex
530 3654 597 3717 cap.
616 3635 760 3717 Dcfinioit
769 3635 819 3714 35,
829 3653 918 3700 eausa
932 3639 981 3718 ff,
992 3654 1023 3720 q.
1039 3640 1070 3716 ⁴5
