2462 3984
26 7 303 89 Π,
375 4 380 7 ,

416 287 500 334 arara
522 286 653 333 renatus.
917 311 922 318 -
966 268 1015 330 l'll

70 386 185 450 dicitur:
212 409 227 447 a
248 387 333 450 Illum
348 387 385 450 ad
409 388 582 451 interiorem
596 387 728 450 remittat
746 407 775 466 r;
792 387 903 466 excipit
916 392 1017 448 tantan
1063 425 1066 434 ‚

69 493 159 537 casum
171 496 229 559 quo
242 475 331 558 judex
345 477 362 538 ἁ
376 497 433 559 qua
451 477 560 540 detulit
576 477 779 560 appellationi,
795 477 863 560 quie
878 483 1019 540 censetur

68 563 203 628 abdicasse
217 584 302 629 suam
313 565 554 646 iurisdictionem
568 571 668 648 quoad
682 583 798 629 casum.

100 657 180 716 5967.
195 657 278 718 Circa
287 655 510 738 verbepoeham
523 657 583 738 qut
596 655 765 719 executioni
775 656 932 718 sententiae
948 674 1021 738 pus·

68 749 126 804 sunt
134 743 264 808 mandari
277 765 285 806 ε
297 744 342 808 vel
352 751 423 808 sunt
431 743 561 828 poenales
571 753 601 808 et
612 745 711 808 statim
725 745 935 808 executionem
945 743 1020 806 aeci·

68 849 127 911 pere
138 841 260 914 possunt
278 835 334 898 nisi
357 835 396 897 de
416 833 452 896 iis
468 833 635 917 appelletur
653 854 660 894 ι
681 834 771 916 aliqui
792 839 895 896 tamen
917 839 1023 916 putant

67 921 270 1001 expectandum
290 941 356 988 esse
376 924 495 1006 lapsum
511 923 616 987 decern
635 921 770 999 dierum;
785 922 832 985 vel
845 922 919 984 dant
931 923 1023 984 aetio-

66 1029 106 1070 aex
120 1011 206 1075 molta
230 1019 261 1076 et
282 1013 450 1077 executioni
470 1032 533 1076 non
546 1019 618 1076 suut
631 1013 738 1076 dandae
752 1012 808 1076 nisi
830 1017 897 1094 post
917 1011 1025 1073 decen-

65 1097 154 1179 dium,
176 1102 200 1163 si
226 1119 290 1166 non
315 1103 405 1166 luerit
430 1103 631 1185 appellatum
657 1103 702 1166 vel
730 1101 866 1185 prebent
891 1101 1025 1163 actiones

66 1191 236 1270 personales,
257 1200 289 1255 et
306 1201 375 1255 ante
392 1199 521 1274 quatuor
539 1211 659 1254 menses
678 1211 740 1254 non
759 1197 829 1254 sunt
852 1189 1023 1254 executioni

67 1279 245 1360 mandanda,
262 1281 320 1344 nisi
334 1287 454 1364 tempus
463 1281 581 1344 brevius
594 1281 780 1362 assignatum
794 1280 884 1342 luerit
897 1281 913 1341 t
921 1279 1024 1360 judice

66 1369 108 1448 qui
128 1369 215 1433 etiam
242 1377 342 1454 potest
370 1371 428 1434 hoc
452 1377 572 1452 tempus
600 1390 785 1453 prorogare;
810 1368 1025 1451 quadrimensa

67 1465 152 1520 autem
171 1461 349 1541 reginariter
371 1459 547 1523 conceditur
567 1460 767 1524 condemnato
786 1459 824 1522 ad
847 1459 1024 1521 solvendum

68 1549 134 1630 (cap.
158 1549 258 1624 Quoad
274 1547 513 1612 consultationem
530 1553 584 1626 l5,
599 1549 633 1612 de
646 1549 788 1612 sententiat
807 1556 837 1611 et
856 1568 889 1610 re
903 1547 1025 1630 judie.;

66 1655 121 1718 cap.
137 1639 299 1715 Quaerenti,
314 1637 350 1700 de
362 1639 463 1721 officio
475 1638 591 1720 deleo).

99 1729 178 1790 5958.
201 1730 250 1790 An
263 1733 368 1790 autem
391 1733 532 1790 executor
549 1729 705 1792 sententiaa
723 1727 817 1809 possit
838 1731 943 1790 contre
957 1743 1025 1788 eam

68 1814 205 1880 admittere
218 1817 433 1898 exceptiones,
453 1816 520 1880 vide
534 1836 583 1900 ap.
601 1816 773 1896 Bouixtid,
794 1837 825 1898 p.
849 1819 928 1897 all).
949 1818 1026 1878 Nota

68 1903 150 1966 solim
164 1905 246 1989 quod
261 1908 411 1968 sententia
426 1906 544 1968 nulliter
559 1907 617 1969 lata
630 1925 693 1968 non
707 1907 745 1968 sit
757 1905 926 1968 executioni
942 1922 1026 1966 man·

71 1991 165 2074 danda,
179 2003 209 2059 et
226 2014 378 2076 casuque
395 2002 473 2058 esset
487 1997 597 2076 inJusla
611 1997 749 2072 tantiam,
771 2013 832 2056 non
855 1995 926 2056 vero
941 1994 1024 2054 inva-

73 2079 135 2160 lida,
154 2087 198 2149 vel
221 2084 293 2148 talis
320 2083 468 2147 sententia
490 2093 535 2146 est
558 2085 668 2164 injusta
690 2085 782 2144 solnm
805 2081 1024 2160 materialiter,

71 2171 127 2251 quia
135 2175 225 2254 judex
236 2173 383 2255 judicavit
394 2173 562 2236 secundum
575 2173 701 2255 allegata
714 2179 743 2236 et
757 2171 880 2256 probata
893 2218 901 2252 ,
914 2177 945 2234 et
954 2179 1025 2234 tunc

67 2259 98 2320 ab
107 2272 260 2328 executore
275 2269 323 2326 est
333 2263 511 2348 exequenda
520 2263 625 2326 sallem
638 2263 668 2325 in
683 2265 773 2326 causa
783 2261 877 2340 civili,
896 2261 919 2324 si
935 2281 1022 2344 supe-

68 2350 243 2432 riorjuheat3
260 2351 308 2416 cel
321 2351 493 2433 fonnaliter
507 2352 632 2433 injusta,
647 2353 718 2434 quia
726 2353 821 2433 Judex
832 2371 894 2414 non
907 2371 1027 2435 proces·

67 2441 96 2500 sit
107 2443 273 2506 secundiani
285 2441 411 2525 allegata
424 2449 453 2504 et
467 2442 603 2526 probata,
618 2441 679 2504 etsi
692 2442 751 2504 hoc
764 2442 802 2504 sit
815 2447 948 2520 eertum,
960 2460 1028 2506 seu·

66 2530 145 2592 tentia
155 2534 263 2614 nequit
272 2529 441 2596 executioni
456 2531 603 2594 mandari.

97 2622 181 2684 5969.
204 2620 334 2694 Quando
348 2619 523 2683 asententid
541 2619 597 2682 luit
616 2619 799 2702 appellatum
813 2623 844 2680 et
857 2618 967 2681 deinde
978 2619 1028 2682 de-

65 2711 131 2770 serta
145 2708 200 2773 luit
213 2709 391 2792 appellatio,
405 2727 476 2792 pars
490 2709 581 2772 debet
600 2709 683 2771 citari
702 2729 758 2792 pro
777 2709 964 2772 executione.
986 2712 1028 2773 lta

65 2799 268 2862 communiter.
291 2801 382 2861 Extra
399 2817 503 2862 casum
521 2799 647 2862 deserte
666 2799 894 2882 appellationis,
916 2800 939 2862 si
962 2819 1029 2862 exe·

66 2885 136 2950 cutio
147 2889 185 2950 sit
197 2887 337 2951 iacienda
356 2887 388 2950 in
405 2888 470 2970 ipsa
486 2906 520 2950 re
535 2887 644 2971 deque
658 2888 715 2950 lata
733 2888 789 2951 fuit
807 2890 954 2952 sententia
966 2909 1027 2951 non

66 2979 103 3033 est
118 2993 193 3059 opus
209 2977 372 3054 citatione3
386 2975 411 3040 si
436 2977 469 3038 in
485 2995 517 3038 re
535 2976 665 3056 diversa,
678 2977 796 3042 citanda
809 2985 855 3041 est
869 2985 942 3042 tunc
959 2998 1028 3061 pars

67 3061 267 3128 condemnata.
284 3066 403 3144 (Bouix,
414 3065 470 3143 it,
484 3084 515 3147 p.
527 3069 610 3146 999.)

100 3157 185 3217 5990.
208 3153 316 3227 Quoad
326 3173 465 3238 espanes
476 3173 487 3215 :
499 3155 565 3217 alita
578 3155 702 3238 quidem
716 3163 788 3220 sunt
804 3157 980 3220 uoluntaria
997 3165 1029 3220 ut

66 3237 88 3300 si
100 3240 215 3324 litigans
226 3261 280 3326 spe
294 3241 467 3308 obtinenda
477 3243 623 3324 victoriae,
636 3245 836 3308 liberaliorem
854 3245 941 3307 solito
959 3263 1027 3326 erga

67 3327 215 3396 advocatos
225 3333 356 3396 antelios
369 3351 435 3398 sese
445 3331 592 3396 exhibeat.
606 3335 679 3398 Alia
692 3337 762 3398 verb
771 3341 841 3398 sunt
850 3337 1030 3398 necesssara'o

67 3420 222 3499 quajuxta
232 3439 349 3485 morem
358 3423 515 3487 solvuntur
524 3425 770 3505 procuratoribus
784 3424 938 3502 ,testibus,
954 3425 1031 3487 aliis·
1155 3435 1160 3446 '

68 3524 131 3586 que,
146 3510 236 3572 etiam
246 3511 405 3577 advocetis.
422 3514 516 3575 Porro
530 3511 568 3575 ad
579 3512 783 3577 retundendas
797 3513 900 3576 victori
915 3514 1030 3596 priores

69 3611 208 3670 expensas
229 3619 296 3682 para
309 3601 385 3666 victa
398 3601 594 3665 condemnari
609 3602 733 3683 nequit;
750 3602 849 3683 quoad
871 3604 1029 3667 vercellas

70 3678 914 3772 debetaondemuari,ritemerelitemirneutavittexcap.
926 3691 1027 3754 Finem
