2548 3988
147 201 204 264 295
365 217 503 264 nodutus
521 217 622 264 Toxlus
641 213 722 261 sums
742 209 890 258 clnomct.

51 335 54 343 ’
146 322 273 398 possunt
280 323 402 400 propter
415 311 669 398 culpasveniales.
681 315 756 376 Item
770 305 1045 374 excommunicatio
1059 304 1118 369 mi-

146 423 203 468 nor
226 406 339 468 incurri
363 412 542 489 poteratpcr
567 401 874 468 communicationem
901 417 971 481 quae
991 415 1055 460 non
1081 395 1121 458 sit

146 495 312 558 mortaliter
325 495 415 558 male.
430 495 472 576 (S.
489 493 625 574 Lignor,
640 492 692 556 lib.
709 497 740 569 t,
751 489 793 552 nl·
807 491 913 566 30-32,
931 487 1014 565 153.)

187 601 353 662 63664θ
368 597 607 662 Conmmmutum
623 615 630 656 :
648 613 758 675 nempe
771 593 934 674 requiritur
947 590 986 653 ad
1000 604 1123 673 poenam

150 686 363 750 incurrendam
376 693 411 751 ut
424 686 595 770 perficiatur
615 682 645 746 id
665 683 791 767 praecise
810 681 954 744 delictum
974 679 1056 761 quod
1074 678 1123 742 lex

152 777 279 842 intendit
300 779 431 859 plectere
445 777 495 838 tali
517 775 608 858 poent
623 793 631 834 τ
647 773 730 836 unde
749 772 812 834 sola
831 770 985 833 attentatio
1003 767 1121 846 delicti,

148 867 195 929 vel
208 867 379 949 cooperatio
393 867 432 930 ad
452 865 525 930 illud
543 883 597 946 per
609 863 788 940 consilium,
808 859 1004 937 mandatum,
1020 858 1122 940 puniri

150 957 254 1038 nequit
277 959 367 1038 poena
385 957 443 1018 lata
462 959 565 1017 contra
586 950 758 1032 hujusmodi
781 949 946 1024 delictum3
969 946 1121 1028 undequi

149 1047 212 1108 vult
231 1045 387 1122 occidere,
403 1044 448 1106 vel
468 1044 605 1106 verberat
618 1042 655 1104 ad
675 1038 897 1114 occidendum,
914 1057 977 1101 non
997 1037 1125 1098 incurrit

150 1152 255 1215 poenas
268 1142 373 1197 contra
392 1129 589 1195 homicidium
610 1131 704 1208 latas,
720 1129 744 1192 sl
758 1129 861 1190 revera
879 1144 942 1190 non
961 1125 1123 1203 occiderit,

150 1222 221 1303 quia
235 1221 304 1284 odia
321 1228 391 1284 sunt
405 1220 630 1302 restringenda;
647 1237 734 1281 secus
748 1223 843 1293 esset,
860 1216 946 1279 silex
965 1216 1126 1298 ipsammet

151 1311 375 1373 attentationem
386 1312 474 1393 poena
483 1309 603 1372 multari
613 1306 803 1382 intendisset;
817 1305 898 1369 idem
908 1311 953 1368 est
960 1304 1125 1368 dicendum

151 1398 189 1460 de
200 1399 432 1478 mandantibus,
447 1398 695 1475 consulentibus,
712 1403 763 1458 aut
776 1396 834 1458 elio
849 1394 941 1458 modo
955 1411 1121 1477 cooperan-

150 1487 244 1565 tibus,
261 1489 284 1550 si
300 1488 331 1550 in
340 1489 407 1570 lege
419 1493 616 1570 cooperantes
628 1484 970 1568 comprehenderentur.

192 1588 1125 1673 osan-xsmeotteprooatumehecconditiorequtnturdun-

151 1685 231 1741 taxat
243 1697 299 1760 pro
308 1679 404 1762 poenis
413 1699 481 1762 quas
496 1681 615 1742 nonnisi
628 1687 694 1762 post
707 1679 887 1742 sententiam
901 1681 1046 1761 prolatam
1058 1698 1127 1742 exe·

150 1769 264 1830 cutioni
287 1776 414 1850 possunt
434 1769 588 1849 mandari,
609 1789 670 1832 non
692 1770 762 1832 verd
784 1787 839 1850 pro
860 1771 957 1850 poenis
980 1769 1045 1850 ipso
1058 1770 1125 1850 jure

152 1855 234 1935 latis,
250 1877 318 1940 quae
332 1877 386 1940 pcr
405 1859 564 1940 ipsammet
583 1859 680 1940 legem
703 1857 912 1922 executionem
925 1857 1076 1937 obtinent,
1092 1865 1128 1921 ut

151 1963 287 2010 censurae
302 1947 367 2030 ipso
384 1947 461 2012 lacto
475 1948 552 2011 latae.
568 1949 717 2010 Caetcrbm
736 1946 816 2009 circa
832 1951 1012 2027 praesentem
1026 1967 1125 2029 quars-

151 2035 276 2114 tionem,
287 2035 441 2101 videdicta
451 2057 541 2120 supra
552 2040 743 2114 (55665571,
755 2038 845 2113 5698,
862 2038 941 2113 eto),
957 2041 988 2098 et
1003 2037 1128 2118 insuper

153 2125 272 2204 (blla),
293 2127 344 2188 ubi
365 2127 473 2190 dicitur
495 2127 602 2188 delicta
613 2125 822 2206 religiosorum
847 2143 915 2206 quae
934 2125 1128 2207 probabiliter

151 2212 1128 2297 tantbmsuntprobata,possealiquandoplcctiquibusdamlevio·

152 2301 234 2364 ribus
252 2303 350 2386 poenis
361 2303 483 2364 arbitrio
493 2302 621 2382 judicis,
637 2319 700 2363 non
719 2307 821 2364 tamen
840 2301 938 2384 poenis
952 2303 1124 2374 ordinariis.

191 2412 280 2471 6328.
296 2407 388 2486 Nota,
404 2408 505 2491 quoad
518 2408 750 2492 applicationem
756 2426 932 2490 poenarum,
945 2411 1126 2494 quodjudex

151 2497 304 2561 attendere
326 2497 431 2561 debeat
451 2497 661 2580 dispositiones
681 2497 874 2580 sequentium
893 2499 969 2579 juris
987 2502 1126 2564 canonici

152 2587 373 2668 capitulorum:
388 2587 563 2652 «Procedas
578 2586 748 2650 secundum
760 2588 922 2650 canonicas
935 2594 966 2651 et
980 2587 1127 2672 legitimas

104 2681 109 2690 '
151 2697 166 2734 u
192 2677 361 2740 sanctiones
365 2723 426 2739 .....
442 2677 551 2758 poterit
571 2677 662 2740 etiam
683 2675 835 2739 interdum
849 2677 962 2759 aliquid
980 2679 1126 2744 severitati

151 2785 166 2821 n
191 2763 306 2826 detrahi
317 2811 326 2843 ,
339 2771 439 2847 prout,
451 2769 530 2827 statu
544 2763 662 2845 imperii
674 2769 704 2826 et
714 2764 926 2830 excedentium
935 2769 1127 2834 multitudine

148 2874 161 2906 x
179 2851 327 2931 pensatis,
345 2850 460 2914 videris
474 2852 634 2933 expedire,
650 2856 791 2935 exceptis
817 2855 968 2919 nimirum
987 2855 1125 2935 casibus,

150 2939 232 3020 ‚qui
256 2939 494 3022 compositionis
510 2949 564 3003 aut
579 2941 825 3023 dispensationis
854 2945 1029 3008 remedium
1057 2965 1124 3010 non

148 3055 163 3085 x>
180 3028 362 3106 admittunt,
377 3037 483 3110 utpote
498 3032 623 3111 eouJ'ugi
635 3041 880 3111 sacramentum,
897 3035 979 3098 circa
1006 3036 1126 3118 quoda

150 3117 506 3181 »severitateoanouicd
521 3122 666 3184 recedere
681 3141 745 3184 non
768 3121 886 3185 licebit.
910 3121 944 3184 In
975 3123 1024 3187 bis
1053 3125 1126 3188 verb

150 3230 164 3262 ι
187 3225 281 3288 super
291 3206 407 3288 quibus
413 3206 465 3287 jus
481 3227 544 3271 non
560 3209 717 3273 invenitur
741 3229 934 3292 expressum,
961 3215 1123 3293 procedas,

152 3321 165 3352 a
182 3297 328 3378 aequitate
342 3299 474 3371 servata,
490 3317 606 3380 semper
619 3299 652 3362 ia
670 3299 877 3364 humaniorem
889 3309 1010 3380 partem
1037 3303 1126 3367 decli-

151 3388 284 3459 »nondu
298 3385 472 3448 secundbm
484 3385 567 3469 qubd
584 3407 732 3469 personas
744 3400 775 3452 et
788 3408 911 3470 causas,
925 3391 994 3455 loca
1006 3401 1038 3454 et
1061 3402 1123 3454 tem

184 3553 190 3578 ι
205 3555 220 3588 <r
235 3544 315 3594 Satius
328 3545 475 3608 impunitum
485 3548 626 3610 relinquere
641 3549 736 3600 lacinus
750 3551 871 3611 nocentis,
884 3551 957 3618 quam
968 3551 1124 3605 lunoeeolom

151 3627 163 3660 x
182 3613 297 3666 damnare
314 3634 339 3668 u.
356 3619 404 3670 Lex
416 3618 565 3669 tustinum.
