2526 3988
375 251 459 296 arnan
479 252 612 298 rannus.
962 237 1001 300 33

52 351 111 412 llam
123 351 218 414 llevoti
235 351 300 432 (lib.
315 357 353 429 l,
367 353 412 414 tit.
429 358 459 429 2,
474 353 535 434 §bl
549 354 591 414 ait
604 353 685 434 qubd
698 347 828 416 vindicta
837 353 1001 416 criminum

52 440 213 518 nidorum,
232 459 286 505 seu
299 459 367 523 quae
384 442 474 504 simul
496 448 527 504 et
548 442 725 524 religionem
739 441 852 506 laedunt
871 449 902 505 et
922 442 1001 505 civili

51 528 199 608 reipublicae
219 529 364 592 damnum
391 529 543 609 interant,
563 529 771 594 committatur
783 531 885 594 mixtis
905 532 1000 595 tribu·

50 616 151 680 nalibus
162 618 192 680 in
204 617 383 699 quibusdam
396 618 481 682 loeis.

81 720 161 781 5533.
181 717 283 800 Excipi
301 718 437 782 debent:
461 718 577 782 crimen
597 720 736 784 toreseos
752 719 836 802 quod
853 725 899 784 est
917 723 1001 785 mere

49 805 260 870 ecclesiasticum
266 825 304 872 ex
312 825 380 889 cap.
392 808 610 890 Inquisitionis,
621 807 822 883 deleretiais,
832 809 864 870 in
872 813 903 871 θ’
911 828 1002 890 supra

49 893 153 956 citatum
172 897 289 975 (55l3);
310 902 342 958 et
363 897 480 959 crimen
502 896 635 961 umente
651 896 690 959 de
714 915 777 978 quo
799 896 890 959 etiam
910 897 1008 978 Judex·

50 983 179 1046 secularis
191 985 296 1067 nequit
311 1001 495 1067 cognoscere
511 985 595 1066 Juxta
609 987 790 1048 sententiam
805 1003 1002 1048 communem

51 1071 401 1152 llll.-Videlleiffenst.,
416 1072 472 1152 it,
484 1086 518 1135 n⁰
532 1077 602 1152 158,
613 1073 693 1155 apud
704 1073 810 1146 Bonis,
822 1073 878 1151 ila,
889 1094 920 1156 p.
933 1079 1000 1137 119.

82 1171 299 1234 beauctoritate
317 1171 356 1234 ad
378 1191 469 1254 quam
489 1179 625 1254 spectant
644 1191 743 1236 causae
763 1172 863 1235 cultbs
885 1172 999 1251 divini,

52 1258 219 1322 institutionis
241 1267 271 1322 et
299 1261 516 1324 observationis
533 1261 693 1340 festorum,
712 1260 779 1324 vide
804 1259 885 1324 dicta
911 1281 999 1344 supra

51 1347 133 1426 0895,
147 1357 215 1428 etc,
229 1353 323 1428 5035,
339 1352 420 1428 etc).

81 1447 203 1510 Diximus
216 1450 329 1530 pariter
350 1467 441 1530 supra
455 1450 567 1532 (5303,
582 1454 653 1528 etc.)
665 1448 704 1512 de
718 1449 754 1510 iis
768 1447 805 1510 ad
824 1467 902 1531 quos
915 1467 1001 1531 spec-

51 1539 102 1597 tant
120 1553 211 1600 cause
236 1535 504 1600 administrationis
530 1537 681 1601 bonorum
706 1537 920 1620 temporalium
942 1540 1000 1602 Ec·

51 1623 142 1686 elesiae.

395 1927 543 1995 CAPUT
567 1928 631 1996 III.
732 1971 735 1976 -

53 2099 88 2148 na
98 2103 188 2157 vtnlts
199 2105 358 2156 rnnsonls
370 2104 424 2164 Qlll
435 2103 470 2152 lli
482 2101 620 2154 Jublctts
633 2103 855 2154 lnrsnvuntnb
867 2103 1000 2156 sonans.

81 2279 159 2340 3539.
177 2275 361 2358 Huiusmodi
383 2293 520 2358 personae
538 2271 628 2336 dividi
652 2273 750 2336 solent
771 2273 802 2336 in
823 2275 1004 2357 principales

49 2365 369 2449 etminusprincipales.
382 2363 566 2444 Principales
576 2361 864 2440 suntlodee,Actor
872 2371 902 2426 et
912 2365 1000 2428 Reos.

49 2453 132 2516 llinus
149 2453 329 2536 principales
349 2476 358 2532 3
377 2453 425 2515 alii
449 2452 592 2532 adjuvant
615 2451 785 2534 litigantes,
800 2459 834 2514 ut
847 2451 997 2532 advocati,

47 2551 249 2620 procuratores,
267 2548 368 2618 testes3
383 2541 431 2604 alii
440 2539 723 2620 judicemadjuvant
732 2589 740 2617 ,
749 2546 783 2602 ut
796 2559 961 2603 assessores
974 2549 1004 2604 et

47 2631 211 2708 consiliarii,
237 2629 390 2693 auditores
411 2635 442 2692 et
467 2627 682 2706 referendarii,
707 2629 833 2705 notarii,
859 2630 1002 2708 actuarii,

45 2721 219 2800 macellarii,
253 2727 360 2782 sonbae
395 2719 526 2800 publici,
557 2717 750 2794 tabelliones,
787 2718 1001 2800 protocolistm,

46 2825 182 2886 rumores,
198 2809 403 2890 apparitores,
420 2807 526 2870 nuntii.
545 2810 588 2868 De
602 2806 650 2868 his
662 2813 707 2870 est
719 2806 873 2888 agendum
887 2808 918 2875 iu
932 2809 1004 2871 arti·

45 2896 110 2960 culis
122 2898 330 2981 sequentibus.

452 3069 532 3134 ΛΒΤ.
556 3071 578 3136 Ι.

422 3221 466 3266 nu
485 3220 620 3268 Junrou.

77 3365 164 3427 5540.
181 3363 299 3442 Judex,
314 3363 358 3426 sic
372 3363 526 3446 appelatus
540 3364 620 3444 qudd
633 3363 688 3446 jas
705 3367 801 3446 dicct,
817 3376 862 3430 est
875 3386 1006 3451 persona

45 3446 200 3530 legitimam
213 3458 391 3536 potestatem
403 3450 517 3513 babens
529 3453 731 3533 cognoscendi
749 3463 780 3517 et
792 3459 1006 3538 pronuntiandi

46 3537 185 3603 decausis
202 3542 350 3624 litigiosis.
365 3541 463 3604 ludex
476 3546 577 3604 autem
595 3541 815 3607 ecclesiasticus
828 3551 873 3608 est
887 3545 936 3609 ille
954 3549 1004 3629 qui

48 3624 117 3689 dicta
129 3632 303 3692 auctoritate
317 3630 409 3711 pollet
422 3630 501 3694 circa
514 3647 619 3692 causas
633 3629 857 3696 ecclesiasticas.
