2452 3984
148 193 205 259 26⁰
322 172 331 184 ’
366 205 502 256 uiscera
524 203 623 253 roaros
642 201 723 252 rums
744 199 893 250 annosior.

148 309 196 370 cir
209 306 267 370 sive
282 304 400 383 mulier,
415 304 468 388 pai
479 302 599 387 ‚tirrpant
614 321 642 364 sc
662 298 767 364 tolca
778 299 921 384 spiritam
943 298 1123 383 epicoeni.

149 396 203 461 sed
217 397 357 480 expresse
371 393 404 456 in
416 392 522 479 quibas
534 391 641 475 fucrit.

189 487 224 548 ln
247 483 410 566 Evangelio
421 488 526 570 autem
546 483 579 544 S.
601 479 719 560 Matth,
733 499 763 546 c.
787 483 891 560 ilfa.
916 482 967 557 2t,
984 478 1127 542 dicitur:

156 597 171 635 ι
193 575 323 656 surgent
345 572 429 636 enim
452 569 694 654 pseudo-Christi
715 577 745 634 et
767 565 1071 653 pseudo-propheta,
1099 573 1131 633 et

152 685 168 727 r
192 663 310 727 dabunt
331 661 417 742 signa
429 679 541 744 magna
553 665 583 722 et
603 657 760 742 prodigia,
776 661 818 722 ita
836 657 916 723 utin
929 675 1065 720 errorem
1079 657 1129 719 in·

153 771 170 814 a
193 751 343 816 ducantur
352 751 389 830 (si
403 749 597 832 heripotestl,
608 749 700 810 etiam
713 749 811 812 electi.
826 769 842 809 o
858 747 912 810 llla
923 746 1009 828 sipna
1020 765 1132 827 mayoc

155 847 186 906 et
196 841 336 925 prodigia
349 839 551 922 intelligisane
560 837 671 900 debent
682 837 720 900 de
729 836 873 920 prodigiis
885 836 1036 899 humanas
1049 836 1134 899 vires

157 948 191 994 su
212 929 379 994 rantibus.

194 950 232 1084 pp
255 1020 378 1082 dotibus
398 1017 471 1081 verb
498 1015 711 1099 Apostolorum
730 1017 770 1094 (c.
795 1018 845 1093 to,
868 1034 898 1080 v.
923 1015 972 1096 tssl
987 1013 1100 1078 dicitur
1123 1033 1134 1076 r

161 1131 178 1171 a
197 1111 322 1172 Factum
334 1113 381 1170 est
390 1115 491 1170 autem
504 1104 644 1168 euntibus
657 1103 744 1168 nobis
757 1106 789 1166 in
803 1104 983 1180 orationem,
996 1104 1138 1186 puellam

159 1221 174 1260 a
200 1196 363 1279 quamdam
377 1195 538 1256 habentem
552 1193 691 1276 spiritum
705 1193 872 1276 Pythonem
886 1193 1006 1256 obviare
1020 1192 1136 1273 nobis,

159 1309 175 1348 a
200 1291 440 1368 quaquaestum
461 1300 609 1365 magnum
635 1281 794 1366 prestabat
819 1281 952 1346 dominis
973 1282 1036 1345 suis
1059 1282 1135 1348 divi·

160 1399 176 1438 o
201 1375 313 1438 nando.
334 1407 371 1419 -
392 1373 504 1434 Dolens
523 1377 624 1434 autem
642 1370 755 1434 Paulus
776 1375 808 1434 et
829 1389 992 1436 conversus
1014 1371 1139 1453 spiritui

161 1488 177 1526 a
202 1465 298 1527 dixit:
315 1461 459 1543 Praecipio
472 1461 525 1523 tibi
541 1461 571 1523 in
582 1461 790 1525 nominelcsu
805 1461 913 1524 Christi
925 1461 1008 1524 exire
1021 1459 1060 1523 ab
1079 1463 1138 1526 et:

162 1576 177 1615 r
202 1560 233 1616 et
246 1552 318 1615 exiit
331 1549 437 1613 eadem
453 1549 538 1613 bord.
553 1572 570 1610 a
881 1600 887 1610 .

202 1641 291 1706 Citari
305 1641 395 1704 etiarn
405 1645 506 1723 posset
519 1656 586 1723 cap.
598 1644 618 1706 8
628 1642 693 1703 Act.
709 1641 813 1724 etpost.
824 1640 876 1703 ubi
891 1643 1030 1704 narratur
1042 1638 1082 1704 de
1092 1639 1142 1704 Si-

164 1749 255 1796 mone
271 1733 357 1812 llago
370 1777 377 1805 ,
393 1728 475 1813 quod
488 1728 583 1793 malta
596 1737 724 1812 tempora
736 1729 940 1793 Samaritanae
952 1730 1060 1811 mapiis
1074 1730 1142 1793 cais

164 1820 365 1886 dementasset.
415 1855 416 1860 κ

205 1913 295 1973 cart.
318 1907 491 1972 omittimus
504 1909 682 1970 innumeros
700 1907 775 1970 alios
791 1911 891 1972 tertam
908 1907 970 1970 siva
984 1909 1014 1970 S.
1031 1907 1141 1990 Scrip-

165 2007 240 2062 turae
260 1999 322 2064 sive
342 1997 526 2074 traditionis3
553 1995 679 2059 sufficiat
697 1995 747 2059 htc
766 1995 878 2060 reterre
900 1995 990 2060 verba
1011 1997 1143 2060 Ritualis

101 2167 103 2172 Ι
166 2089 293 2154 llomani
307 2134 315 2165 ‚
330 2087 416 2150 titulo
429 2086 464 2148 dc
473 2085 673 2148 exorcizandis
690 2085 808 2147 obsessis
821 2084 840 2148 d
853 2084 991 2162 mooe,
1005 2084 1057 2148 ubi
1068 2104 1142 2150 mo-

167 2185 254 2242 netur
267 2177 412 2238 exorcista
426 2179 460 2236 ut
476 2175 606 2255 ajubeat
618 2175 790 2238 daemonem
803 2175 903 2238 dicere
918 2193 957 2238 an
967 2173 1145 2240 detineatur

166 2287 182 2326 a
207 2267 238 2327 in
252 2283 379 2346 corpore
389 2263 514 2341 obsessi,
529 2263 564 2324 ob
577 2263 708 2345 alr'qaam
721 2283 839 2346 operam
851 2264 996 2348 mapicam
1005 2271 1057 2325 aut
1070 2284 1144 2330 ma-

167 2377 182 2414 o
207 2353 289 2437 lefica
301 2353 386 2434 sipna
396 2353 442 2416 vel
456 2353 654 2416 instrumenta
670 2371 678 2416 r
693 2371 763 2436 quas
777 2354 803 2416 si
814 2353 955 2417 obsessus
968 2371 1019 2416 ore
1032 2371 1145 2440 sump-

167 2465 183 2504 n
207 2443 299 2524 seritp
314 2448 451 2520 evomat;
464 2441 510 2506 vel
523 2441 549 2504 si
562 2441 632 2505 alibi
648 2447 730 2506 extra
743 2461 854 2526 corpus
873 2441 999 2522 fuerint,
1013 2445 1147 2509 combu-

168 2556 183 2593 »
207 2535 351 2595 rantur.»
368 2533 441 2594 Haec
451 2531 541 2594 verba
554 2531 713 2595 manifeste
725 2539 902 2614 supponunt
916 2532 1022 2614 magle
1035 2529 1148 2598 diabo-

168 2622 233 2684 licre
246 2621 422 2682 realitatcm.
434 2623 495 2684 Neo
506 2621 622 2684 videtur
636 2620 712 2684 bene
722 2620 876 2703 quomodd
885 2619 1030 2686 declinari
1041 2623 1147 2690 valeat

168 2718 250 2772 tanta
260 2710 437 2786 auctoritas3
448 2710 530 2772 unde
543 2713 630 2773 cautd
643 2716 714 2774 sunt
723 2710 842 2793 legendi
855 2710 979 2793 quidam
988 2717 1144 2792 auctores,

167 2805 202 2860 ut
224 2798 320 2861 Feller
333 2803 364 2861 et
385 2797 594 2879 serpet-‚qui
618 2799 649 2862 in
663 2799 706 2862 eis
730 2801 860 2862 nimiirm
873 2799 1012 2864 videntur
1033 2799 1146 2866 lavisse

169 2883 332 2968 impiorum
355 2886 584 2950 incredulitati:
613 2889 717 2952 «Hoc
740 2894 800 2968 est,
831 2889 930 2973 inquit
950 2891 983 2954 S.
1007 2889 1144 2955 Thomas

169 2997 184 3035 r
209 2975 383 3059 (supplem,
397 2995 429 3058 q.
442 2979 492 3054 58,
503 2983 558 3040 art.
568 2979 629 3058 20),
642 2985 746 3041 contra
756 2980 946 3043 auctoritates
958 2981 1145 3046 Sanctorum

169 3085 184 3126 ι
209 3067 261 3147 qui
274 3064 380 3128 dicunt
391 3065 472 3146 qudd
486 3065 640 3130 daemones
653 3066 765 3130 habent
779 3073 956 3150 potestatem
969 3087 1060 3152 supra
1072 3088 1145 3134 cor-

170 3175 184 3214 o
209 3160 327 3237 paracl
341 3153 587 3236 imaginationem
607 3156 767 3220 hominum
778 3156 900 3240 quando
911 3159 929 3222 a
942 3161 1006 3222 Deo
1019 3161 1147 3242 permit-

170 3265 185 3304 ι
209 3249 338 3308 tantur:
353 3243 504 3326 undeper
526 3262 579 3308 eos
592 3244 721 3308 malefici
740 3245 841 3330 aliqua
858 3249 945 3330 signa
961 3246 1059 3312 lacem
1073 3267 1146 3330 pos·

170 3353 185 3391 a
210 3341 290 3396 sunt.
306 3354 322 3394 a
339 3331 414 3395 Vide
429 3333 524 3394 Rornae
537 3331 585 3394 des
598 3333 721 3397 scicnces
733 3334 830 3399 eccle's.
840 3383 848 3415 ,
859 3337 933 3417 n⁰5‚
948 3356 980 3420 p.
996 3339 1141 3404 393400.

209 3423 300 3483 sata.
316 3457 353 3468 -
366 3423 415 3484 lll.
437 3420 569 3484 Effectus
582 3423 690 3505 magiae
709 3423 748 3487 de
765 3423 877 3506 quibus
893 3443 996 3508 supra,
1011 3425 1146 3492 obtineri

172 3506 269 3604 rotent
281 3515 369 3588 pacto
383 3508 488 3572 saltem
503 3509 647 3593 implicito
660 3531 733 3576 cum
752 3513 892 3578 daemone
906 3513 999 3594 inito,
1018 3533 1073 3578 seu
1088 3536 1145 3598 per

174 3591 305 3671 aliquam
329 3597 504 3676 petitionem
526 3600 700 3681 implicitam
723 3600 761 3664 ad
785 3600 956 3668 watonem
980 3603 1143 3671 directam.
