2548 3988
181 216 239 279 186
400 225 537 276 utuntur
556 222 659 272 rouus
678 203 759 268 runrs'
779 213 925 264 cauomcr.

181 344 211 401 et
224 331 416 399 Cancellariae
431 326 623 413 Apostolicae,
635 323 688 388 sed
702 321 792 385 etiarn
803 311 975 380 Secretnriae
988 310 1151 375 Brevinmr

184 429 222 489 ita
235 429 341 487 Innoc.
357 425 401 495 Χ,
418 421 517 483 Const.
534 422 569 479 51
584 435 593 492 ;
607 431 669 475 non
683 411 754 474 verd
768 407 872 470 litterae
884 406 1082 504 Legntorum,
1098 403 1153 462 Sa-

183 534 241 578 cros
252 509 488 582 ,Poeniteutinriae
504 511 534 570 et
556 506 715 568 Sacrorum
734 499 894 577 congreg..
911 509 983 575 quia
1005 509 1068 552 non
1080 497 1154 592 sunt

182 603 288 666 littore
301 605 390 683 Papae
406 619 414 660 :
429 594 660 662 controvertitur
669 597 773 652 tamen
785 585 824 648 de
836 583 942 646 litteris
955 582 987 644 S.
1003 580 1150 643 Poenrten·

182 680 717 770 1166166.(16166116,ἰὸ.,6“·63-66.)
908 761 914 774 ι
1066 758 1074 774 ⁰
1123 757 1129 771 ,

223 785 313 845 6191.
347 776 478 842 Clericus
504 773 614 836 lalscns
641 769 752 832 litteras
776 763 917 846 Episcopi
939 759 985 824 vel
1004 757 1153 862 Capituli,

184 877 228 933 est
241 871 279 934 ab
292 867 391 933 officio
411 872 441 929 et
459 861 607 927 beneficio
621 853 852 939 suspendendus
870 853 946 932 (cop.
969 849 1008 912 Si
1028 849 1154 931 Episco-

182 980 237 1044 pus
250 965 282 1038 1,
296 959 365 1022 dist.
378 961 472 1032 50;et
482 971 548 1036 cap.
569 951 640 1013 Tam
656 945 778 1023 litteris,
790 940 924 1023 in§lin.‚
936 937 1057 1016 detest,
1069 937 1153 1019 616).

184 1048 259 1111 Vide
273 1046 406 1110 Ferraris
422 1043 488 1124 (id,
504 1053 538 1104 nt
552 1043 613 1119 to).
919 1120 925 1133 .

225 1135 388 1218 Regulares
411 1133 480 1196 vero
506 1129 646 1192 falsantes
666 1125 815 1206 sigillum,
838 1121 883 1184 vel
906 1119 1018 1182 litteras
1043 1116 1155 1179 Praela-

185 1231 303 1300 torum,
319 1225 486 1306 puniuntur
491 1221 576 1297 juxta
586 1216 819 1280 Constitutiones
830 1209 972 1294 speciales
985 1209 1157 1288 cujuscum·

185 1333 245 1396 que
259 1313 383 1375 ordinis.
400 1308 554 1390 (Ferreus,
568 1307 621 1382 it,
638 1316 673 1367 n⁰
684 1307 734 1382 rt,
747 1305 818 1381 etc.)
1106 1385 1112 1398 ι

226 1401 358 1464 Clericus
384 1405 487 1462 autem
508 1397 616 1459 laisaris
645 1393 793 1474 Principis
820 1387 952 1471 sigillum
983 1385 1022 1450 oh
1048 1383 1157 1448 ordine

186 1487 446 1571 estdoponendus.
464 1485 629 1568 (terreris,
645 1481 732 1558 ibid,
748 1490 781 1544 u⁰
796 1480 859 1556 69.)

225 1583 312 1642 6193.
338 1579 438 1640 Poenae
452 1573 549 1658 quoad
565 1573 638 1636 alias
658 1571 799 1634 falsitates
813 1567 937 1632 diversae
955 1570 1025 1628 sunt
1045 1564 1157 1646 prodi·

186 1669 324 1730 versitate
344 1666 408 1728 taisi
426 1662 579 1728 commissi
600 1661 761 1741 (terreris,
782 1657 837 1737 id,
861 1655 902 1718 nl·
920 1659 971 1734 71,
987 1657 1056 1734 616.)
1078 1673 1156 1736 :pro

188 1756 304 1818 clericis
317 1753 385 1818 vide
399 1757 490 1835 caput
503 1751 538 1816 st
550 1751 740 1892 Episcopum
756 1795 764 1826 ‚
779 1746 848 1810 dist.
862 1748 914 1843 66.

229 1831 408 1896 Falsilicatio
435 1837 565 1894 monetse
591 1831 682 1893 eritur
705 1833 1021 1894 excommunicatione
1041 1833 1155 1897 ssent

190 1923 348 1998 reservati,
363 1940 399 1984 ex
417 1921 500 1982 Extr.
520 1921 629 1982 loson.
646 1921 735 1997 XXII,
765 1918 906 1983 Proditor
922 1925 960 1996 1,
976 1920 1011 1982 de
1032 1924 1156 1986 crinn'nc
1256 1921 1262 1964 t

189 2013 273 2095 salsi.
291 2045 325 2060 -·
341 2010 399 2074 Sed
414 2009 503 2072 hodie
519 2027 580 2071 non
601 2009 732 2090 amplius
746 2005 861 2070 videtur
883 2011 1055 2073 enumerari
1075 2012 1155 2076 inter

189 2108 361 2164 reservatas.
374 2099 448 2160 Vide
463 2101 493 2160 S.
511 2097 632 2178 Lignor.
651 2098 714 2179 (lib.
729 2103 759 2174 t,
775 2099 812 2159 „a
827 2101 991 2180 218·612);
1007 2101 1151 2182 chueux
1260 2153 1261 2160 ,

192 2191 238 2271 (no
252 2193 342 2266 1386,
357 2192 388 2250 3·
400 2187 498 2268 edit).
514 2189 605 2248 -De
621 2190 656 2248 et
669 2188 736 2249 silet
751 2185 783 2249 C.
801 2192 903 2271 Aprost.
921 2187 1020 2250 Sedis.

596 2383 674 2447 litt.
697 2383 744 2447 lll.

475 2530 511 2575 or
533 2529 640 2586 rouro,
665 2529 778 2588 nsunt,
801 2528 866 2574 ero.

226 2667 315 2726 6291.
332 2697 372 2708 -
385 2665 408 2726 l:
419 2661 546 2724 Furtum
556 2671 598 2722 est
611 2659 722 2721 occulto
736 2667 765 2721 et
776 2660 887 2740 injusta
903 2657 948 2722 rei
961 2659 1067 2722 cliente
1076 2659 1152 2724 ablu·

190 2751 241 2828 tio,
252 2751 344 2812 r'nur'to
358 2749 583 2813 rationabiliter
595 2749 719 2810 domiuo.
732 2748 762 2810 Si
773 2750 873 2830 aperte
883 2748 911 2810 vi
922 2747 984 2825 lint,
995 2754 1040 2810 est
1050 2749 1153 2831 rapina

189 2839 300 2904 ivlurto
314 2839 413 2920 specie
431 2839 569 2900 distincta
589 2839 631 2916 (S.
647 2837 783 2918 Liguor.‚
801 2836 852 2899 lib.
868 2841 899 2914 3,
915 2845 948 2898 n⁰
963 2837 1042 2916 616).
1054 2871 1094 2883 -
1109 2838 1152 2900 tld

188 2927 300 2991 lurtum
323 2927 452 3008 pertinet
473 2927 599 2989 retentio
619 2927 662 2990 rei
687 2927 815 2990 inventae
834 2945 901 3008 quar
923 2925 1048 2988 domino
1069 2925 1152 2990 reddi

189 3021 297 3099 posset.
313 3018 357 3078 Ex
371 3034 437 3098 cap.
454 3020 484 3094 6,
496 3035 586 3078 causa
596 3020 645 3092 11,
660 3036 690 3097 q.
708 3019 738 3092 5,
752 3015 803 3078 ubi
816 3019 847 3078 S.
864 3015 1050 3096 Augustinus
1063 3013 1151 3080 dicit:

193 3128 207 3164 a
229 3106 259 3168 Si
274 3103 348 3187 quid
362 3104 498 3167 invenisti
509 3114 538 3166 et
552 3123 613 3166 non
627 3103 799 3182 reddidisti,
813 3103 947 3185 rapuisti.
964 3125 979 3162 n

227 3199 316 3257 6166.
341 3193 472 3256 Clericus
485 3193 534 3256 sur
547 3195 695 3270 notorius,
715 3200 767 3256 aut
784 3192 855 3256 lurti
875 3192 1094 3256 condemnatus
1107 3199 1152 3258 est

189 3282 307 3345 infamis
322 3283 401 3364 (cap.
417 3283 546 3365 infames
561 3287 616 3360 tr,
631 3299 720 3346 censa
734 3286 764 3358 6,
780 3300 811 3365 q.
828 3283 871 3366 l);
886 3288 917 3344 61
932 3289 1153 3362 cousequenter

189 3371 277 3432 etiam
293 3369 475 3452 irregularis.
490 3374 616 3454 insuper
628 3371 677 3435 iur
690 3371 825 3435 notorius
843 3371 881 3434 ab
893 3371 993 3435 officio
1005 3380 1034 3435 et
1047 3372 1151 3436 ordino

191 3457 317 3521 clericali
330 3457 440 3540 deponi
455 3459 544 3524 debet
555 3463 632 3543 (esp.
650 3460 806 3544 Presbyter
820 3465 874 3540 tc,
891 3460 961 3524 dist.
976 3463 1026 3537 81;
1042 3469 1072 3525 61
1084 3480 1148 3544 cap.

194 3543 265 3605 Ctm
282 3565 337 3606 non
351 3547 515 3611 altomuro
531 3553 580 3627 16,
595 3547 630 3612 de
648 3549 802 3628 iudiciis„
818 3557 847 3613 61
860 3549 885 3613 si
898 3567 960 3614 non
978 3549 1151 3632 resipiscat,
1258 3617 1259 3630 ³

192 3635 500 3698 excommunicandus
513 3643 575 3716 est,
586 3643 617 3699 et
629 3637 752 3700 tandem
762 3638 788 3700 si
801 3637 1011 3718 incorrigibilis
1028 3639 1151 3712 evadat,
