2548 3988
484 335 570 399 trena
589 349 721 399 rennos.
1032 338 1090 400 335

119 449 232 534 aliquid
247 447 382 533 praecipit
393 449 450 515 sub
459 453 602 528 censum,
617 447 728 535 praevii
742 455 908 520 monitione
921 457 1067 520 canonice
1081 478 1088 518 :

120 537 292 618 hujusmodi
314 546 498 623 praeceptum
521 539 634 622 obliget
653 543 743 605 ctiam
772 549 840 625 post
863 545 958 627 ipsius
983 542 1091 626 judicis

119 634 248 690 mortem
268 636 320 692 aut
339 629 555 708 remotionem,
570 637 601 696 et
621 649 749 694 censura
769 632 881 696 incurri
901 639 1008 716 potest.
1034 636 1090 708 Qui

119 722 220 778 autem
241 717 334 780 semei
356 723 401 780 est
423 719 558 782 censuris
578 718 739 783 innodatus
761 719 800 782 ab
822 721 878 796 iis,
894 722 919 784 si
941 723 1090 787 sintverae

118 822 272 884 rensurae,
293 807 366 870 snivi
388 807 493 891 nequit
512 807 569 872 nisi
587 827 642 891 par
663 808 884 874 absolutionem
906 811 944 876 de
967 813 1027 892 qut
1046 819 1091 876 est
1116 804 1123 808 ’

120 912 204 956 nunc
217 895 382 976 agendum.

160 987 295 1048 ottu-
305 988 340 1048 11.
358 984 514 1050 absotuttc
527 1005 724 1052 censurarum
738 994 782 1053 est
798 987 931 1070 ipsarum
944 987 1091 1050 relaxatio

120 1072 151 1134 oi
171 1071 298 1136 circium
320 1075 421 1156 facto,
441 1094 497 1158 per
515 1077 694 1158 superiorem
718 1084 931 1158 competentem.
954 1077 1092 1140 Diximus

119 1163 283 1245 ergoqucd
295 1182 432 1228 censurae
441 1165 542 1250 stricte
556 1165 642 1230 diotre
652 1211 660 1244 ,
671 1165 764 1229 semet
781 1166 921 1244 incursoe,
932 1185 986 1247 per
996 1167 1090 1229 setam

119 1252 283 1333 superioris
305 1254 502 1336 competentis
524 1254 743 1319 absolutionem
767 1254 831 1318 tolli
853 1255 985 1336 possint,
1010 1255 1090 1338 qued

120 1339 164 1402 sic
178 1341 321 1421 probatur
337 1363 345 1406 z

162 1431 191 1491 Si
213 1431 271 1493 atio
295 1431 386 1495 modo
406 1437 542 1498 censuris
560 1433 721 1498 innodatus
743 1435 782 1497 ab
807 1434 843 1498 iis
864 1434 954 1496 eximi
974 1439 1089 1517 posset,

120 1520 261 1590 certesei
276 1540 329 1602 per
343 1523 388 1585 sui
405 1529 537 1586 mortem·
547 1529 599 1586 aut
612 1523 870 1597 emendationem,
885 1523 931 1586 vet
946 1543 999 1606 per
1013 1542 1092 1587 mor·

120 1607 1090 1695 tenrferentis,veideniquepercessaticnemlegisnutpraecepti.

122 1697 212 1779 Atqui
230 1703 259 1760 1ο
273 1718 408 1764 censurae
431 1720 491 1764 non
508 1701 653 1762 tolluntur
670 1721 724 1783 per
738 1707 866 1764 mortem
880 1701 942 1779 rei,
957 1709 991 1764 ut
1008 1720 1093 1764 cons·

119 1790 162 1848 tat
171 1804 206 1850 ex
215 1791 313 1870 cupri
326 1789 463 1868 accisas,
475 1797 504 1852 et
513 1809 579 1871 cap.
589 1790 750 1867 Sacris38,
759 1788 925 1852 decertent.
936 1809 1090 1868 coconem,

120 1872 174 1938 ubi
195 1883 332 1942 mortuus
351 1879 416 1941 sine
431 1879 617 1942 absolutionc
635 1893 831 1940 censurarum
850 1879 983 1958 privatur
996 1879 1092 1960 sepul-

120 1966 190 2026 turt
203 1965 400 2032 ecclesiastice
413 1988 421 2045 3
432 2003 473 2016 --
483 1972 515 2030 2⁰
529 1984 592 2030 uon
606 1974 724 2030 cessant
738 1985 791 2048 per
809 1967 1050 2030 emendationem
1064 1975 1094 2030 et

121 2055 320 2118 cessationem
338 2057 535 2119 conturnecioe
556 2063 605 2120 aut
627 2055 882 2133 satisfactionem,
901 2059 936 2117 ut
953 2059 1093 2136 expresse

122 2141 165 2204 ait
177 2142 316 2208 Clemens
334 2147 389 2224 111,
404 2163 471 2228 cap,
486 2146 560 2210 Com
575 2143 717 2208 desideres
730 2149 786 2220 ts,
802 2143 837 2208 de
849 2151 922 2206 sent.
939 2163 1091 2222 exonam,

121 2235 151 2294 et
166 2233 254 2314 Greg.
270 2235 309 2296 lx
322 2273 332 2312 ,
347 2253 413 2317 cap.
432 2234 570 2310 (immota
583 2239 638 2314 stt,
653 2233 790 2316 ejusdem
801 2233 897 2296 tituli:
913 2233 994 2296 unde
1007 2231 1092 2296 dam·

123 2327 192 2384 nata
208 2319 262 2384 fuit
280 2322 318 2384 ab
336 2322 505 2386 Alexandro
522 2326 589 2403 vu,
602 2323 766 2406 propositio
781 2339 933 2404 sequens:
958 2343 974 2382 a
995 2321 1095 2397 Quoad

123 2429 138 2469 a
162 2410 261 2491 forum
278 2412 476 2490 commeatio,
499 2432 548 2474 reo
562 2419 690 2476 correcto
709 2412 828 2494 ejusque
846 2411 1025 2473 tentamento
1039 2431 1094 2472 ces-

121 2509 258 2578 ssecte,
287 2509 397 2564 cessem
423 2519 593 2565 cmmraeo
625 2519 634 2564 t
669 2505 845 2564 censuimus
875 2506 974 2561 tamen
998 2505 1094 2580 potest

123 2587 155 2650 in
177 2589 304 2669 gratiam
325 2591 500 2672 reintegrari
524 2609 579 2673 per
598 2589 810 2654 contritionem
829 2587 1010 2670 perfectam,
1026 2593 1095 2650 ante

123 2677 343 2742 absolutionem
355 2699 567 2758 censurarum
583 2682 664 2741 --3ο
679 2696 741 2740 ιιοιι
765 2683 883 2740 cessant
896 2694 950 2758 per
964 2683 1093 2740 mertem

123 2765 263 2844 terentis,
279 2775 312 2832 ut
326 2776 406 2850 patet
427 2789 464 2834 ex
481 2789 548 2852 cap.
565 2765 744 2844 Postomtr's,
758 2765 793 2829 de
813 2763 1033 2849 officiojudiois
1046 2786 1095 2828 or-

125 2855 188 2920 din.
206 2859 255 2934 tt,
270 2857 288 2938 ξ
302 2857 476 2935 Petere,-
489 2865 520 2921 t⁰
536 2877 591 2922 nec
605 2856 727 2921 tandem
740 2875 795 2938 per
808 2855 1006 2918 cessationem
1022 2855 1096 2937 tegis

125 2953 178 3008 aut
200 2951 341 3030 precepti
363 2967 371 3010 ι
396 2951 466 3031 quie
485 2947 658 3028 huiusmodi
677 2947 803 3010 cessatio
826 2944 951 3028 impedit
973 2943 1096 3026 quidem

127 3035 292 3111 quominus
306 3043 409 3120 postea
422 3037 559 3101 subditus
567 3042 704 3100 teneatur
718 3035 775 3098 sub
788 3034 924 3097 censuris
937 3033 1034 3112 legem
1046 3037 1096 3094 aut

129 3131 312 3203 preceptum
326 3127 499 3206 obseruare3
514 3126 568 3190 sed
582 3144 644 3190 non
658 3125 743 3188 solvit
757 3143 828 3187 eum
837 3123 890 3205 qui
905 3128 973 3183 ante
987 3120 1096 3182 dictam

130 3211 327 3276 cessationem
343 3217 477 3280 censuris
485 3217 546 3298 jam
562 3215 659 3280 tuerat
675 3215 793 3296 ligatus.
809 3215 889 3293 Ergo
902 3210 965 3274 solt
979 3207 1096 3272 absolu·

129 3296 214 3360 tione
227 3299 290 3363 tetii
303 3311 427 3383 possunt
440 3325 576 3372 censure
586 3308 650 3388 jam
663 3304 803 3366 incursas.

170 3391 262 3452 6437.
285 3391 403 3456 Dictum
425 3396 481 3460 tuit
493 3413 620 3458 censure
636 3393 739 3456 stricte
758 3387 861 3467 dicte,
876 3388 948 3469 quia
964 3403 1099 3450 censura

129 3477 336 3560 vindicatirae,
357 3477 395 3548 ad
412 3492 527 3548 certum
545 3491 666 3566 tempus
681 3483 761 3559 tatae,
776 3479 920 3541 desinunt
937 3475 1003 3540 sine
1016 3475 1100 3540 atisc-

129 3565 264 3648 lutione,
279 3569 381 3656 elapsu
396 3576 529 3659 termino·
539 3575 612 3658 ipsis
625 3573 784 3654 assignato.

172 3663 203 3724 Si
220 3665 291 3728 vero
311 3663 582 3728 excommunicatio
602 3661 640 3724 ad
657 3667 772 3738 certum
785 3664 905 3741 tempus
919 3657 1101 3720 incuteretur

133 3765 195 3812 non
217 3767 346 3820 cessaret
362 3753 428 3817 sint
442 3751 646 3823 absolutionc.
656 3751 742 3819 iuxta
760 3747 902 3812 Stremter
915 3746 983 3822 toea
996 3746 1101 3812 Peiner
