<?xml version="1.0" encoding="UTF-8"?>
<!DOCTYPE html PUBLIC "-//W3C//DTD XHTML 1.0 Transitional//EN"
    "http://www.w3.org/TR/xhtml1/DTD/xhtml1-transitional.dtd">
<html xmlns="http://www.w3.org/1999/xhtml" xml:lang="en" lang="en">
 <head>
  <title>
</title>
<meta http-equiv="Content-Type" content="text/html;charset=utf-8" />
  <meta name='ocr-system' content='tesseract 3.04.00' />
  <meta name='ocr-capabilities' content='ocr_page ocr_carea ocr_par ocr_line ocrx_word'/>
</head>
<body>
  <div class='ocr_page' id='page_1' title='image "./manualetotiusju02craigoog/manualetotiusju02craigoog_0388.png"; bbox 0 0 2504 3990; ppageno 0'>
   <div class='ocr_carea' id='block_1_1' title="bbox 488 280 1096 354">
    <p class='ocr_par' dir='ltr' id='par_1_1' title="bbox 488 280 1096 354">
     <span class='ocr_line' id='line_1_1' title="bbox 488 280 1096 354; baseline -0.013 0"><span class='ocrx_word' id='word_1_1' title='bbox 488 304 576 354; x_wconf 82' lang='lat' dir='ltr'>trusa</span> <span class='ocrx_word' id='word_1_2' title='bbox 595 301 726 351; x_wconf 77' lang='lat' dir='ltr'>manns.</span> <span class='ocrx_word' id='word_1_3' title='bbox 1037 280 1096 348; x_wconf 83' lang='grc'>818</span> 
     </span>
    </p>
   </div>
   <div class='ocr_carea' id='block_1_2' title="bbox 122 397 1116 3254">
    <p class='ocr_par' dir='ltr' id='par_1_2' title="bbox 122 397 1101 1020">
     <span class='ocr_line' id='line_1_2' title="bbox 124 397 1100 488; baseline -0.008 -20"><span class='ocrx_word' id='word_1_4' title='bbox 124 403 249 488; x_wconf 81' lang='lat' dir='ltr'><strong>proinde</strong></span> <span class='ocrx_word' id='word_1_5' title='bbox 263 403 422 488; x_wconf 76' lang='lat' dir='ltr'>suspensio</span> <span class='ocrx_word' id='word_1_6' title='bbox 433 404 464 468; x_wconf 91' lang='lat' dir='ltr'>in</span> <span class='ocrx_word' id='word_1_7' title='bbox 477 403 573 467; x_wconf 87' lang='lat' dir='ltr'>solam</span> <span class='ocrx_word' id='word_1_8' title='bbox 585 401 836 466; x_wconf 76' lang='lat' dir='ltr'><strong>communitatem</strong></span> <span class='ocrx_word' id='word_1_9' title='bbox 849 400 918 477; x_wconf 83' lang='lat' dir='ltr'>late,</span> <span class='ocrx_word' id='word_1_10' title='bbox 931 419 995 466; x_wconf 88' lang='lat' dir='ltr'>non</span> <span class='ocrx_word' id='word_1_11' title='bbox 1008 397 1100 464; x_wconf 82' lang='lat' dir='ltr'>afficit</span> 
     </span>
     <span class='ocr_line' id='line_1_3' title="bbox 124 491 1098 576; baseline -0.007 -19"><span class='ocrx_word' id='word_1_12' title='bbox 124 493 257 576; x_wconf 79' lang='lat' dir='ltr'>singulas</span> <span class='ocrx_word' id='word_1_13' title='bbox 264 511 408 576; x_wconf 88' lang='lat' dir='ltr'>personas</span> <span class='ocrx_word' id='word_1_14' title='bbox 417 493 475 556; x_wconf 91' lang='lat' dir='ltr'>nisi</span> <span class='ocrx_word' id='word_1_15' title='bbox 486 492 586 576; x_wconf 87' lang='lat' dir='ltr'>quoad</span> <span class='ocrx_word' id='word_1_16' title='bbox 595 491 693 555; x_wconf 79' lang='lat' dir='ltr'>officie</span> <span class='ocrx_word' id='word_1_17' title='bbox 703 491 749 554; x_wconf 87' lang='lat' dir='ltr'>vel</span> <span class='ocrx_word' id='word_1_18' title='bbox 763 491 1098 554; x_wconf 81' lang='lat' dir='ltr'>beneficiatotinscom·</span> 
     </span>
     <span class='ocr_line' id='line_1_4' title="bbox 123 579 1099 665; baseline -0.004 -21"><span class='ocrx_word' id='word_1_19' title='bbox 123 583 288 660; x_wconf 86' lang='lat' dir='ltr'>munitatis,</span> <span class='ocrx_word' id='word_1_20' title='bbox 309 601 371 646; x_wconf 91' lang='lat' dir='ltr'>non</span> <span class='ocrx_word' id='word_1_21' title='bbox 392 585 463 648; x_wconf 77' lang='lat' dir='ltr'>verti</span> <span class='ocrx_word' id='word_1_22' title='bbox 480 581 581 665; x_wconf 82' lang='lat' dir='ltr'>quoad</span> <span class='ocrx_word' id='word_1_23' title='bbox 599 599 726 644; x_wconf 86' lang='lat' dir='ltr'>munera</span> <span class='ocrx_word' id='word_1_24' title='bbox 748 581 875 662; x_wconf 79' lang='lat' dir='ltr'>singulis</span> <span class='ocrx_word' id='word_1_25' title='bbox 896 579 1027 662; x_wconf 85' lang='lat' dir='ltr'>propria.</span> <span class='ocrx_word' id='word_1_26' title='bbox 1057 581 1099 640; x_wconf 87' lang='lat' dir='ltr'>lta</span> 
     </span>
     <span class='ocr_line' id='line_1_5' title="bbox 122 669 1101 755; baseline -0.005 -21"><span class='ocrx_word' id='word_1_27' title='bbox 122 672 337 736; x_wconf 81' lang='lat' dir='ltr'>communiter.</span> <span class='ocrx_word' id='word_1_28' title='bbox 366 673 430 736; x_wconf 85' lang='lat' dir='ltr'>Etsi</span> <span class='ocrx_word' id='word_1_29' title='bbox 461 671 554 755; x_wconf 85' lang='lat' dir='ltr'><strong>aliqui</strong></span> <span class='ocrx_word' id='word_1_30' title='bbox 581 675 740 735; x_wconf 77' lang='lat' dir='ltr'>exerceant</span> <span class='ocrx_word' id='word_1_31' title='bbox 767 669 938 732; x_wconf 81' lang='lat' dir='ltr'>lunationes</span> <span class='ocrx_word' id='word_1_32' title='bbox 964 683 1101 731; x_wconf 89' lang='lat' dir='ltr'>commu·</span> 
     </span>
     <span class='ocr_line' id='line_1_6' title="bbox 123 755 1101 842; baseline -0.005 -19"><span class='ocrx_word' id='word_1_33' title='bbox 123 758 210 823; x_wconf 84' lang='lat' dir='ltr'>nitati</span> <span class='ocrx_word' id='word_1_34' title='bbox 230 759 335 823; x_wconf 85' lang='lat' dir='ltr'>uetitas</span> <span class='ocrx_word' id='word_1_35' title='bbox 348 761 390 823; x_wconf 97' lang='lat' dir='ltr'>illi</span> <span class='ocrx_word' id='word_1_36' title='bbox 411 779 471 825; x_wconf 91' lang='lat' dir='ltr'>non</span> <span class='ocrx_word' id='word_1_37' title='bbox 487 761 647 824; x_wconf 90' lang='lat' dir='ltr'>incurrunt</span> <span class='ocrx_word' id='word_1_38' title='bbox 661 759 910 842; x_wconf 72' lang='lat' dir='ltr'>irregularitatem</span> <span class='ocrx_word' id='word_1_39' title='bbox 924 805 933 836; x_wconf 86' lang='lat'>,</span> <span class='ocrx_word' id='word_1_40' title='bbox 948 755 1020 840; x_wconf 89' lang='lat' dir='ltr'>quia</span> <span class='ocrx_word' id='word_1_41' title='bbox 1034 773 1101 837; x_wconf 80' lang='lat' dir='ltr'>pro·</span> 
     </span>
     <span class='ocr_line' id='line_1_7' title="bbox 122 845 1101 932; baseline -0.005 -21"><span class='ocrx_word' id='word_1_42' title='bbox 122 847 230 911; x_wconf 88' lang='lat' dir='ltr'>hibitio</span> <span class='ocrx_word' id='word_1_43' title='bbox 258 847 316 911; x_wconf 88' lang='lat' dir='ltr'>illis</span> <span class='ocrx_word' id='word_1_44' title='bbox 335 847 412 913; x_wconf 87' lang='lat' dir='ltr'>iacta</span> <span class='ocrx_word' id='word_1_45' title='bbox 431 850 502 914; x_wconf 86' lang='lat' dir='ltr'>talia</span> <span class='ocrx_word' id='word_1_46' title='bbox 528 848 711 932; x_wconf 83' lang='lat' dir='ltr'>peragendi,</span> <span class='ocrx_word' id='word_1_47' title='bbox 735 865 798 910; x_wconf 89' lang='lat' dir='ltr'>non</span> <span class='ocrx_word' id='word_1_48' title='bbox 818 852 865 911; x_wconf 89' lang='lat' dir='ltr'>est</span> <span class='ocrx_word' id='word_1_49' title='bbox 886 845 1009 930; x_wconf 76' lang='lat' dir='ltr'>proprie</span> <span class='ocrx_word' id='word_1_50' title='bbox 1031 861 1101 906; x_wconf 89' lang='lat' dir='ltr'>een·</span> 
     </span>
     <span class='ocr_line' id='line_1_8' title="bbox 123 935 958 1020; baseline -0.005 -18"><span class='ocrx_word' id='word_1_51' title='bbox 123 955 211 1015; x_wconf 86' lang='lat' dir='ltr'>sura,</span> <span class='ocrx_word' id='word_1_52' title='bbox 223 935 276 1000; x_wconf 87' lang='lat' dir='ltr'>sed</span> <span class='ocrx_word' id='word_1_53' title='bbox 290 938 390 1020; x_wconf 84' lang='lat' dir='ltr'>potiirs</span> <span class='ocrx_word' id='word_1_54' title='bbox 405 938 575 1002; x_wconf 86' lang='lat' dir='ltr'>inhabilitas</span> <span class='ocrx_word' id='word_1_55' title='bbox 589 938 627 1000; x_wconf 91' lang='lat' dir='ltr'>ad</span> <span class='ocrx_word' id='word_1_56' title='bbox 640 955 689 1000; x_wconf 89' lang='lat' dir='ltr'>res</span> <span class='ocrx_word' id='word_1_57' title='bbox 702 935 888 1017; x_wconf 88' lang='lat' dir='ltr'>hujusmodi.</span> <span class='ocrx_word' id='word_1_58' title='bbox 953 961 958 970; x_wconf 94' lang='lat'>·</span> 
     </span>
    </p>

    <p class='ocr_par' dir='ltr' id='par_1_3' title="bbox 123 1021 1105 1554">
     <span class='ocr_line' id='line_1_9' title="bbox 166 1021 1102 1108; baseline -0.003 -19"><span class='ocrx_word' id='word_1_59' title='bbox 166 1029 255 1090; x_wconf 87' lang='grc'><strong>6583.</strong></span> <span class='ocrx_word' id='word_1_60' title='bbox 280 1027 395 1091; x_wconf 81' lang='lat' dir='ltr'>sivero</span> <span class='ocrx_word' id='word_1_61' title='bbox 417 1027 575 1108; x_wconf 76' lang='lat' dir='ltr'>suspensio</span> <span class='ocrx_word' id='word_1_62' title='bbox 588 1026 700 1089; x_wconf 81' lang='lat' dir='ltr'>teratur</span> <span class='ocrx_word' id='word_1_63' title='bbox 714 1026 744 1088; x_wconf 93' lang='lat' dir='ltr'>in</span> <span class='ocrx_word' id='word_1_64' title='bbox 764 1025 1012 1088; x_wconf 80' lang='lat' dir='ltr'>communitatem</span> <span class='ocrx_word' id='word_1_65' title='bbox 1027 1029 1056 1087; x_wconf 88' lang='lat' dir='ltr'>et</span> <span class='ocrx_word' id='word_1_66' title='bbox 1069 1021 1102 1086; x_wconf 91' lang='lat' dir='ltr'>in</span> 
     </span>
     <span class='ocr_line' id='line_1_10' title="bbox 123 1113 1102 1201; baseline -0.005 -21"><span class='ocrx_word' id='word_1_67' title='bbox 123 1115 261 1197; x_wconf 80' lang='lat' dir='ltr'>singulas</span> <span class='ocrx_word' id='word_1_68' title='bbox 279 1115 375 1198; x_wconf 91' lang='lat' dir='ltr'>ipsius</span> <span class='ocrx_word' id='word_1_69' title='bbox 394 1133 550 1201; x_wconf 82' lang='lat' dir='ltr'>personas,</span> <span class='ocrx_word' id='word_1_70' title='bbox 569 1121 644 1178; x_wconf 90' lang='lat' dir='ltr'>tunc</span> <span class='ocrx_word' id='word_1_71' title='bbox 663 1133 725 1178; x_wconf 90' lang='lat' dir='ltr'>non</span> <span class='ocrx_word' id='word_1_72' title='bbox 737 1113 827 1177; x_wconf 87' lang='lat' dir='ltr'>allinit</span> <span class='ocrx_word' id='word_1_73' title='bbox 846 1115 1034 1192; x_wconf 84' lang='lat' dir='ltr'>innocentes,</span> <span class='ocrx_word' id='word_1_74' title='bbox 1050 1113 1102 1176; x_wconf 91' lang='lat' dir='ltr'>sed</span> 
     </span>
     <span class='ocr_line' id='line_1_11' title="bbox 124 1202 1103 1289; baseline -0.003 -21"><span class='ocrx_word' id='word_1_75' title='bbox 124 1205 226 1268; x_wconf 82' lang='lat' dir='ltr'>solum</span> <span class='ocrx_word' id='word_1_76' title='bbox 245 1204 476 1289; x_wconf 51' lang='lat' dir='ltr'>delinquentem</span> <span class='ocrx_word' id='word_1_77' title='bbox 497 1205 568 1288; x_wconf 89' lang='lat' dir='ltr'>quia</span> <span class='ocrx_word' id='word_1_78' title='bbox 591 1223 683 1268; x_wconf 90' lang='lat' dir='ltr'>nemo</span> <span class='ocrx_word' id='word_1_79' title='bbox 701 1205 801 1288; x_wconf 88' lang='lat' dir='ltr'>puniri</span> <span class='ocrx_word' id='word_1_80' title='bbox 822 1202 962 1266; x_wconf 89' lang='lat' dir='ltr'>debetob</span> <span class='ocrx_word' id='word_1_81' title='bbox 982 1203 1103 1285; x_wconf 88' lang='lat' dir='ltr'>eulpam</span> 
     </span>
     <span class='ocr_line' id='line_1_12' title="bbox 125 1293 1105 1378; baseline -0.003 -20"><span class='ocrx_word' id='word_1_82' title='bbox 125 1293 269 1358; x_wconf 83' lang='lat' dir='ltr'>alienam.</span> <span class='ocrx_word' id='word_1_83' title='bbox 284 1297 328 1358; x_wconf 83' lang='lat' dir='ltr'>lta</span> <span class='ocrx_word' id='word_1_84' title='bbox 341 1294 554 1371; x_wconf 87' lang='lat' dir='ltr'>communiter,</span> <span class='ocrx_word' id='word_1_85' title='bbox 569 1313 606 1358; x_wconf 83' lang='lat' dir='ltr'>ex</span> <span class='ocrx_word' id='word_1_86' title='bbox 620 1313 687 1378; x_wconf 91' lang='lat' dir='ltr'>cap.</span> <span class='ocrx_word' id='word_1_87' title='bbox 703 1297 741 1372; x_wconf 74' lang='lat'>2,</span> <span class='ocrx_word' id='word_1_88' title='bbox 756 1293 791 1356; x_wconf 84' lang='lat' dir='ltr'>de</span> <span class='ocrx_word' id='word_1_89' title='bbox 801 1293 935 1371; x_wconf 77' lang='lat' dir='ltr'>constit,</span> <span class='ocrx_word' id='word_1_90' title='bbox 951 1299 981 1356; x_wconf 91' lang='lat' dir='ltr'>et</span> <span class='ocrx_word' id='word_1_91' title='bbox 994 1293 1105 1356; x_wconf 79' lang='lat' dir='ltr'>clarius</span> 
     </span>
     <span class='ocr_line' id='line_1_13' title="bbox 126 1381 1103 1468; baseline -0.003 -21"><span class='ocrx_word' id='word_1_92' title='bbox 126 1401 165 1447; x_wconf 88' lang='lat' dir='ltr'>ex</span> <span class='ocrx_word' id='word_1_93' title='bbox 179 1402 245 1466; x_wconf 86' lang='lat' dir='ltr'>cap.</span> <span class='ocrx_word' id='word_1_94' title='bbox 257 1387 288 1463; x_wconf 76' lang='grc'>8,</span> <span class='ocrx_word' id='word_1_95' title='bbox 306 1385 464 1466; x_wconf 72' lang='lat' dir='ltr'>Quaesivit,</span> <span class='ocrx_word' id='word_1_96' title='bbox 478 1383 514 1448; x_wconf 86' lang='lat' dir='ltr'>de</span> <span class='ocrx_word' id='word_1_97' title='bbox 527 1384 574 1446; x_wconf 75' lang='lat' dir='ltr'>luis</span> <span class='ocrx_word' id='word_1_98' title='bbox 586 1403 653 1466; x_wconf 75' lang='lat' dir='ltr'>quae</span> <span class='ocrx_word' id='word_1_99' title='bbox 664 1382 770 1468; x_wconf 74' lang='lat' dir='ltr'>fiuntd</span> <span class='ocrx_word' id='word_1_100' title='bbox 782 1383 889 1466; x_wconf 84' lang='lat' dir='ltr'>major.</span> <span class='ocrx_word' id='word_1_101' title='bbox 905 1383 952 1465; x_wconf 87' lang='lat' dir='ltr'>(S.</span> <span class='ocrx_word' id='word_1_102' title='bbox 968 1381 1103 1464; x_wconf 73' lang='lat' dir='ltr'>liguum,</span> 
     </span>
     <span class='ocr_line' id='line_1_14' title="bbox 126 1471 365 1554; baseline 0.004 -18"><span class='ocrx_word' id='word_1_103' title='bbox 126 1471 224 1546; x_wconf 76' lang='lat' dir='ltr'>liora,</span> <span class='ocrx_word' id='word_1_104' title='bbox 241 1477 365 1554; x_wconf 78' lang='lat' dir='ltr'>marr.)</span> 
     </span>
    </p>

    <p class='ocr_par' dir='ltr' id='par_1_4' title="bbox 129 1560 1107 1822">
     <span class='ocr_line' id='line_1_15' title="bbox 169 1560 1107 1646; baseline 0 -22"><span class='ocrx_word' id='word_1_105' title='bbox 169 1565 260 1625; x_wconf 77' lang='grc'><strong>6584.</strong></span> <span class='ocrx_word' id='word_1_106' title='bbox 282 1565 454 1645; x_wconf 87' lang='lat' dir='ltr'>Suspensus</span> <span class='ocrx_word' id='word_1_107' title='bbox 470 1565 508 1628; x_wconf 89' lang='lat' dir='ltr'>ab</span> <span class='ocrx_word' id='word_1_108' title='bbox 522 1564 621 1628; x_wconf 89' lang='lat' dir='ltr'>officio</span> <span class='ocrx_word' id='word_1_109' title='bbox 636 1562 768 1646; x_wconf 81' lang='lat' dir='ltr'>privatur</span> <span class='ocrx_word' id='word_1_110' title='bbox 779 1560 1003 1643; x_wconf 76' lang='lat' dir='ltr'>iurisdictione,</span> <span class='ocrx_word' id='word_1_111' title='bbox 1021 1561 1061 1624; x_wconf 92' lang='lat' dir='ltr'>ita</span> <span class='ocrx_word' id='word_1_112' title='bbox 1074 1568 1107 1625; x_wconf 91' lang='lat' dir='ltr'>ut</span> 
     </span>
     <span class='ocr_line' id='line_1_16' title="bbox 129 1650 1106 1734; baseline -0.001 -19"><span class='ocrx_word' id='word_1_113' title='bbox 129 1650 207 1715; x_wconf 92' lang='lat' dir='ltr'>nulli</span> <span class='ocrx_word' id='word_1_114' title='bbox 224 1651 285 1714; x_wconf 89' lang='lat' dir='ltr'>sint</span> <span class='ocrx_word' id='word_1_115' title='bbox 298 1652 393 1733; x_wconf 90' lang='lat' dir='ltr'>ipsius</span> <span class='ocrx_word' id='word_1_116' title='bbox 405 1659 490 1716; x_wconf 83' lang='lat' dir='ltr'>ectus</span> <span class='ocrx_word' id='word_1_117' title='bbox 506 1653 531 1715; x_wconf 91' lang='lat' dir='ltr'>si</span> <span class='ocrx_word' id='word_1_118' title='bbox 550 1652 744 1716; x_wconf 84' lang='lat' dir='ltr'>denuntiatus</span> <span class='ocrx_word' id='word_1_119' title='bbox 758 1651 797 1713; x_wconf 87' lang='lat' dir='ltr'>sit</span> <span class='ocrx_word' id='word_1_120' title='bbox 813 1671 820 1713; x_wconf 89' lang='lat'><strong>:</strong></span> <span class='ocrx_word' id='word_1_121' title='bbox 834 1651 918 1714; x_wconf 88' lang='lat' dir='ltr'>nullo</span> <span class='ocrx_word' id='word_1_122' title='bbox 938 1657 1001 1732; x_wconf 88' lang='lat' dir='ltr'>est,</span> <span class='ocrx_word' id='word_1_123' title='bbox 1016 1671 1044 1714; x_wconf 86' lang='lat' dir='ltr'>v.</span> <span class='ocrx_word' id='word_1_124' title='bbox 1061 1671 1106 1734; x_wconf 62' lang='lat' dir='ltr'>g„</span> 
     </span>
     <span class='ocr_line' id='line_1_17' title="bbox 130 1739 875 1822; baseline -0.003 -18"><span class='ocrx_word' id='word_1_125' title='bbox 130 1739 279 1804; x_wconf 83' lang='lat' dir='ltr'>absolutio</span> <span class='ocrx_word' id='word_1_126' title='bbox 293 1741 332 1803; x_wconf 89' lang='lat' dir='ltr'>ab</span> <span class='ocrx_word' id='word_1_127' title='bbox 346 1740 411 1822; x_wconf 91' lang='lat' dir='ltr'>ipso</span> <span class='ocrx_word' id='word_1_128' title='bbox 425 1741 513 1819; x_wconf 89' lang='lat' dir='ltr'>data;</span> <span class='ocrx_word' id='word_1_129' title='bbox 529 1760 616 1804; x_wconf 87' lang='lat' dir='ltr'>secus</span> <span class='ocrx_word' id='word_1_130' title='bbox 630 1741 655 1803; x_wconf 92' lang='lat' dir='ltr'>si</span> <span class='ocrx_word' id='word_1_131' title='bbox 671 1741 708 1802; x_wconf 88' lang='lat' dir='ltr'>sit</span> <span class='ocrx_word' id='word_1_132' title='bbox 720 1740 875 1802; x_wconf 87' lang='lat' dir='ltr'>toleratus.</span> 
     </span>
    </p>

    <p class='ocr_par' dir='ltr' id='par_1_5' title="bbox 131 1827 1110 2181">
     <span class='ocr_line' id='line_1_18' title="bbox 171 1827 1109 1910; baseline 0 -18"><span class='ocrx_word' id='word_1_133' title='bbox 171 1829 295 1892; x_wconf 83' lang='lat' dir='ltr'>Collatio</span> <span class='ocrx_word' id='word_1_134' title='bbox 308 1836 411 1893; x_wconf 88' lang='lat' dir='ltr'>autem</span> <span class='ocrx_word' id='word_1_135' title='bbox 424 1829 563 1893; x_wconf 85' lang='lat' dir='ltr'>beneficii</span> <span class='ocrx_word' id='word_1_136' title='bbox 572 1829 649 1892; x_wconf 87' lang='lat' dir='ltr'>iacta</span> <span class='ocrx_word' id='word_1_137' title='bbox 663 1847 809 1910; x_wconf 90' lang='lat' dir='ltr'>suspenso</span> <span class='ocrx_word' id='word_1_138' title='bbox 819 1829 857 1890; x_wconf 88' lang='lat' dir='ltr'>ab</span> <span class='ocrx_word' id='word_1_139' title='bbox 870 1827 986 1906; x_wconf 86' lang='lat' dir='ltr'>officio,</span> <span class='ocrx_word' id='word_1_140' title='bbox 1003 1831 1056 1893; x_wconf 87' lang='lat' dir='ltr'>etsi</span> <span class='ocrx_word' id='word_1_141' title='bbox 1071 1831 1109 1894; x_wconf 89' lang='lat' dir='ltr'>ab</span> 
     </span>
     <span class='ocr_line' id='line_1_19' title="bbox 131 1916 1106 2002; baseline -0.002 -19"><span class='ocrx_word' id='word_1_142' title='bbox 131 1918 199 2002; x_wconf 89' lang='lat' dir='ltr'>ipso</span> <span class='ocrx_word' id='word_1_143' title='bbox 220 1919 259 1982; x_wconf 89' lang='lat' dir='ltr'>sit</span> <span class='ocrx_word' id='word_1_144' title='bbox 275 1925 448 2001; x_wconf 83' lang='lat' dir='ltr'>acceptata,</span> <span class='ocrx_word' id='word_1_145' title='bbox 470 1920 578 1982; x_wconf 89' lang='lat' dir='ltr'>irritari</span> <span class='ocrx_word' id='word_1_146' title='bbox 602 1924 700 2001; x_wconf 89' lang='lat' dir='ltr'>potest</span> <span class='ocrx_word' id='word_1_147' title='bbox 717 1937 771 2001; x_wconf 93' lang='lat' dir='ltr'>per</span> <span class='ocrx_word' id='word_1_148' title='bbox 786 1916 896 1997; x_wconf 72' lang='lat' dir='ltr'>iudicis</span> <span class='ocrx_word' id='word_1_149' title='bbox 915 1921 1106 1982; x_wconf 83' lang='lat' dir='ltr'>sententiam.</span> 
     </span>
     <span class='ocr_line' id='line_1_20' title="bbox 134 2007 1110 2092; baseline -0.001 -20"><span class='ocrx_word' id='word_1_150' title='bbox 134 2009 298 2090; x_wconf 85' lang='lat' dir='ltr'>suspensio</span> <span class='ocrx_word' id='word_1_151' title='bbox 306 2014 407 2072; x_wconf 90' lang='lat' dir='ltr'>tamen</span> <span class='ocrx_word' id='word_1_152' title='bbox 417 2028 479 2074; x_wconf 91' lang='lat' dir='ltr'>non</span> <span class='ocrx_word' id='word_1_153' title='bbox 488 2009 584 2092; x_wconf 89' lang='lat' dir='ltr'>privat</span> <span class='ocrx_word' id='word_1_154' title='bbox 597 2007 813 2086; x_wconf 79' lang='lat' dir='ltr'>beneficlojam</span> <span class='ocrx_word' id='word_1_155' title='bbox 823 2007 956 2069; x_wconf 88' lang='lat' dir='ltr'>obtento.</span> <span class='ocrx_word' id='word_1_156' title='bbox 966 2009 1110 2072; x_wconf 88' lang='lat' dir='ltr'>Stremler</span> 
     </span>
     <span class='ocr_line' id='line_1_21' title="bbox 134 2095 1107 2181; baseline -0.001 -19"><span class='ocrx_word' id='word_1_157' title='bbox 134 2098 204 2178; x_wconf 82' lang='lat' dir='ltr'>(Des</span> <span class='ocrx_word' id='word_1_158' title='bbox 217 2097 319 2160; x_wconf 82' lang='lat' dir='ltr'>Poines</span> <span class='ocrx_word' id='word_1_159' title='bbox 330 2097 441 2178; x_wconf 72' lang='lat' dir='ltr'>scelte,</span> <span class='ocrx_word' id='word_1_160' title='bbox 456 2117 488 2181; x_wconf 92' lang='lat' dir='ltr'>p.</span> <span class='ocrx_word' id='word_1_161' title='bbox 500 2101 586 2178; x_wconf 82' lang='lat'><strong>301);</strong></span> <span class='ocrx_word' id='word_1_162' title='bbox 597 2099 629 2161; x_wconf 89' lang='lat' dir='ltr'>S.</span> <span class='ocrx_word' id='word_1_163' title='bbox 638 2097 703 2178; x_wconf 86' lang='lat' dir='ltr'>Lig.</span> <span class='ocrx_word' id='word_1_164' title='bbox 722 2096 786 2175; x_wconf 92' lang='lat' dir='ltr'>(lib.</span> <span class='ocrx_word' id='word_1_165' title='bbox 801 2100 833 2174; x_wconf 82' lang='grc'>’1,</span> <span class='ocrx_word' id='word_1_166' title='bbox 848 2108 882 2158; x_wconf 80' lang='lat' dir='ltr'>n⁰</span> <span class='ocrx_word' id='word_1_167' title='bbox 896 2099 967 2174; x_wconf 84' lang='grc'><strong>516,</strong></span> <span class='ocrx_word' id='word_1_168' title='bbox 982 2095 1050 2159; x_wconf 79' lang='lat' dir='ltr'>dub.</span> <span class='ocrx_word' id='word_1_169' title='bbox 1066 2101 1107 2176; x_wconf 85' lang='lat'>3).</span> 
     </span>
    </p>

    <p class='ocr_par' dir='ltr' id='par_1_6' title="bbox 134 2183 1113 2627">
     <span class='ocr_line' id='line_1_22' title="bbox 175 2183 1112 2272; baseline 0.002 -22"><span class='ocrx_word' id='word_1_170' title='bbox 175 2187 206 2250; x_wconf 88' lang='lat' dir='ltr'>Si</span> <span class='ocrx_word' id='word_1_171' title='bbox 219 2187 337 2250; x_wconf 87' lang='lat' dir='ltr'>collatio</span> <span class='ocrx_word' id='word_1_172' title='bbox 349 2187 401 2251; x_wconf 87' lang='lat' dir='ltr'>liat</span> <span class='ocrx_word' id='word_1_173' title='bbox 413 2206 561 2272; x_wconf 85' lang='lat' dir='ltr'>suspenso</span> <span class='ocrx_word' id='word_1_174' title='bbox 574 2187 612 2251; x_wconf 89' lang='lat' dir='ltr'>ab</span> <span class='ocrx_word' id='word_1_175' title='bbox 625 2205 710 2251; x_wconf 87' lang='lat' dir='ltr'>oram</span> <span class='ocrx_word' id='word_1_176' title='bbox 723 2183 884 2262; x_wconf 83' lang='lat' dir='ltr'>beneficio,</span> <span class='ocrx_word' id='word_1_177' title='bbox 899 2185 1008 2248; x_wconf 88' lang='lat' dir='ltr'>irritari</span> <span class='ocrx_word' id='word_1_178' title='bbox 1022 2187 1112 2252; x_wconf 89' lang='lat' dir='ltr'>debet</span> 
     </span>
     <span class='ocr_line' id='line_1_23' title="bbox 134 2271 1110 2360; baseline 0.001 -20"><span class='ocrx_word' id='word_1_179' title='bbox 134 2295 190 2360; x_wconf 88' lang='lat' dir='ltr'>per</span> <span class='ocrx_word' id='word_1_180' title='bbox 203 2271 383 2340; x_wconf 79' lang='lat' dir='ltr'>sententiam</span> <span class='ocrx_word' id='word_1_181' title='bbox 400 2276 530 2357; x_wconf 74' lang='lat' dir='ltr'>iudicia,</span> <span class='ocrx_word' id='word_1_182' title='bbox 546 2277 599 2342; x_wconf 92' lang='lat' dir='ltr'>sed</span> <span class='ocrx_word' id='word_1_183' title='bbox 613 2277 725 2340; x_wconf 85' lang='lat' dir='ltr'>interea</span> <span class='ocrx_word' id='word_1_184' title='bbox 741 2293 906 2357; x_wconf 87' lang='lat' dir='ltr'>suspensus</span> <span class='ocrx_word' id='word_1_185' title='bbox 919 2273 1034 2339; x_wconf 80' lang='lat' dir='ltr'>fructus</span> <span class='ocrx_word' id='word_1_186' title='bbox 1048 2297 1110 2341; x_wconf 91' lang='lat' dir='ltr'>non</span> 
     </span>
     <span class='ocr_line' id='line_1_24' title="bbox 135 2363 1112 2450; baseline -0.001 -20"><span class='ocrx_word' id='word_1_187' title='bbox 135 2365 206 2430; x_wconf 84' lang='lat' dir='ltr'>iecit</span> <span class='ocrx_word' id='word_1_188' title='bbox 225 2383 319 2429; x_wconf 85' lang='lat' dir='ltr'>suos:</span> <span class='ocrx_word' id='word_1_189' title='bbox 343 2367 406 2428; x_wconf 84' lang='lat' dir='ltr'>imo</span> <span class='ocrx_word' id='word_1_190' title='bbox 424 2367 514 2430; x_wconf 87' lang='lat' dir='ltr'>etiam</span> <span class='ocrx_word' id='word_1_191' title='bbox 538 2375 605 2450; x_wconf 86' lang='lat' dir='ltr'>post</span> <span class='ocrx_word' id='word_1_192' title='bbox 628 2363 869 2442; x_wconf 84' lang='lat' dir='ltr'>absolutionem,</span> <span class='ocrx_word' id='word_1_193' title='bbox 888 2370 1010 2428; x_wconf 88' lang='lat' dir='ltr'>tenetur</span> <span class='ocrx_word' id='word_1_194' title='bbox 1033 2368 1112 2430; x_wconf 78' lang='lat' dir='ltr'>male</span> 
     </span>
     <span class='ocr_line' id='line_1_25' title="bbox 137 2454 1113 2539; baseline 0.001 -20"><span class='ocrx_word' id='word_1_195' title='bbox 137 2461 293 2539; x_wconf 85' lang='lat' dir='ltr'>perceptos</span> <span class='ocrx_word' id='word_1_196' title='bbox 315 2457 488 2534; x_wconf 87' lang='lat' dir='ltr'>restituere,</span> <span class='ocrx_word' id='word_1_197' title='bbox 508 2456 566 2518; x_wconf 91' lang='lat' dir='ltr'>nisi</span> <span class='ocrx_word' id='word_1_198' title='bbox 591 2454 847 2520; x_wconf 84' lang='lat' dir='ltr'>condonationem</span> <span class='ocrx_word' id='word_1_199' title='bbox 867 2471 975 2516; x_wconf 93' lang='lat' dir='ltr'>eorum</span> <span class='ocrx_word' id='word_1_200' title='bbox 993 2457 1012 2516; x_wconf 73' lang='lat' dir='ltr'>a</span> <span class='ocrx_word' id='word_1_201' title='bbox 1033 2457 1113 2538; x_wconf 75' lang='lat' dir='ltr'>Papa</span> 
     </span>
     <span class='ocr_line' id='line_1_26' title="bbox 136 2540 1111 2627; baseline -0.001 -19"><span class='ocrx_word' id='word_1_202' title='bbox 136 2546 324 2608; x_wconf 83' lang='lat' dir='ltr'>obtinuisset.</span> <span class='ocrx_word' id='word_1_203' title='bbox 337 2545 594 2627; x_wconf 72' lang='lat' dir='ltr'>Stremlerlil.‚p.</span> <span class='ocrx_word' id='word_1_204' title='bbox 603 2547 683 2624; x_wconf 69' lang='lat' dir='ltr'>³0⁹2l3</span> <span class='ocrx_word' id='word_1_205' title='bbox 694 2541 831 2606; x_wconf 82' lang='lat' dir='ltr'>Proelect.</span> <span class='ocrx_word' id='word_1_206' title='bbox 841 2540 876 2604; x_wconf 88' lang='lat' dir='ltr'>S.</span> <span class='ocrx_word' id='word_1_207' title='bbox 888 2541 987 2624; x_wconf 69' lang='lat' dir='ltr'>Sulp„</span> <span class='ocrx_word' id='word_1_208' title='bbox 1002 2545 1111 2609; x_wconf 79' lang='lat' dir='ltr'>n⁰i30.</span> 
     </span>
    </p>

    <p class='ocr_par' dir='ltr' id='par_1_7' title="bbox 137 2630 1111 2806">
     <span class='ocr_line' id='line_1_27' title="bbox 177 2630 1111 2716; baseline 0.001 -18"><span class='ocrx_word' id='word_1_209' title='bbox 177 2637 268 2698; x_wconf 88' lang='grc'><strong>6585.</strong></span> <span class='ocrx_word' id='word_1_210' title='bbox 292 2635 389 2706; x_wconf 74' lang='lat' dir='ltr'>Quaeri</span> <span class='ocrx_word' id='word_1_211' title='bbox 402 2633 450 2697; x_wconf 89' lang='lat' dir='ltr'>hic</span> <span class='ocrx_word' id='word_1_212' title='bbox 462 2641 562 2716; x_wconf 85' lang='lat' dir='ltr'>posset</span> <span class='ocrx_word' id='word_1_213' title='bbox 570 2653 609 2697; x_wconf 89' lang='lat' dir='ltr'>nn</span> <span class='ocrx_word' id='word_1_214' title='bbox 617 2633 807 2716; x_wconf 76' lang='lat' dir='ltr'>suspensusa</span> <span class='ocrx_word' id='word_1_215' title='bbox 818 2630 1111 2716; x_wconf 70' lang='lat' dir='ltr'>heneficimiruetus,</span> 
     </span>
     <span class='ocr_line' id='line_1_28' title="bbox 137 2723 702 2806; baseline -0.005 -17"><span class='ocrx_word' id='word_1_216' title='bbox 137 2724 164 2789; x_wconf 85' lang='lat' dir='ltr'>si</span> <span class='ocrx_word' id='word_1_217' title='bbox 173 2724 212 2786; x_wconf 90' lang='lat' dir='ltr'>sit</span> <span class='ocrx_word' id='word_1_218' title='bbox 224 2741 350 2806; x_wconf 75' lang='lat' dir='ltr'>pauper,</span> <span class='ocrx_word' id='word_1_219' title='bbox 366 2724 458 2806; x_wconf 89' lang='lat' dir='ltr'>possit</span> <span class='ocrx_word' id='word_1_220' title='bbox 472 2723 527 2786; x_wconf 88' lang='lat' dir='ltr'>sibi</span> <span class='ocrx_word' id='word_1_221' title='bbox 542 2725 672 2786; x_wconf 88' lang='lat' dir='ltr'>retinere</span> <span class='ocrx_word' id='word_1_222' title='bbox 685 2723 702 2786; x_wconf 84' lang='lat' dir='ltr'>&#39;l</span> 
     </span>
    </p>

    <p class='ocr_par' dir='ltr' id='par_1_8' title="bbox 140 2812 1116 3254">
     <span class='ocr_line' id='line_1_29' title="bbox 177 2812 1114 2898; baseline 0.001 -21"><span class='ocrx_word' id='word_1_223' title='bbox 177 2817 268 2898; x_wconf 85' lang='lat' dir='ltr'>Resp.</span> <span class='ocrx_word' id='word_1_224' title='bbox 291 2812 473 2877; x_wconf 74' lang='lat' dir='ltr'>affirmative</span> <span class='ocrx_word' id='word_1_225' title='bbox 487 2815 510 2877; x_wconf 92' lang='lat' dir='ltr'>si</span> <span class='ocrx_word' id='word_1_226' title='bbox 526 2815 684 2897; x_wconf 87' lang='lat' dir='ltr'>suspensio</span> <span class='ocrx_word' id='word_1_227' title='bbox 698 2813 807 2878; x_wconf 82' lang='lat' dir='ltr'>sitlata</span> <span class='ocrx_word' id='word_1_228' title='bbox 820 2813 853 2876; x_wconf 95' lang='lat' dir='ltr'>in</span> <span class='ocrx_word' id='word_1_229' title='bbox 867 2831 990 2896; x_wconf 82' lang='lat' dir='ltr'>poenam</span> <span class='ocrx_word' id='word_1_230' title='bbox 1011 2815 1114 2878; x_wconf 87' lang='lat' dir='ltr'>orimi-</span> 
     </span>
     <span class='ocr_line' id='line_1_30' title="bbox 140 2899 1115 2985; baseline 0.002 -19"><span class='ocrx_word' id='word_1_231' title='bbox 140 2899 187 2966; x_wconf 86' lang='lat' dir='ltr'>nis</span> <span class='ocrx_word' id='word_1_232' title='bbox 207 2903 333 2966; x_wconf 81' lang='lat' dir='ltr'>omnino</span> <span class='ocrx_word' id='word_1_233' title='bbox 347 2904 505 2985; x_wconf 89' lang='lat' dir='ltr'>praeteriti;</span> <span class='ocrx_word' id='word_1_234' title='bbox 521 2921 608 2966; x_wconf 87' lang='lat' dir='ltr'>secus</span> <span class='ocrx_word' id='word_1_235' title='bbox 624 2903 649 2966; x_wconf 87' lang='lat' dir='ltr'>si</span> <span class='ocrx_word' id='word_1_236' title='bbox 663 2902 753 2968; x_wconf 85' lang='lat' dir='ltr'>fuerit</span> <span class='ocrx_word' id='word_1_237' title='bbox 767 2903 887 2967; x_wconf 88' lang='lat' dir='ltr'>incussa</span> <span class='ocrx_word' id='word_1_238' title='bbox 900 2904 941 2967; x_wconf 91' lang='lat' dir='ltr'>ob</span> <span class='ocrx_word' id='word_1_239' title='bbox 956 2911 1115 2968; x_wconf 89' lang='lat' dir='ltr'>contuma-</span> 
     </span>
     <span class='ocr_line' id='line_1_31' title="bbox 141 2991 1113 3077; baseline 0.003 -23"><span class='ocrx_word' id='word_1_240' title='bbox 141 2991 236 3069; x_wconf 87' lang='lat' dir='ltr'>ciam,</span> <span class='ocrx_word' id='word_1_241' title='bbox 253 2992 325 3076; x_wconf 85' lang='lat' dir='ltr'>quia</span> <span class='ocrx_word' id='word_1_242' title='bbox 338 2993 471 3055; x_wconf 83' lang='lat' dir='ltr'>Ecclesia</span> <span class='ocrx_word' id='word_1_243' title='bbox 485 3010 547 3054; x_wconf 91' lang='lat' dir='ltr'>non</span> <span class='ocrx_word' id='word_1_244' title='bbox 561 2992 649 3056; x_wconf 84' lang='lat' dir='ltr'>debet</span> <span class='ocrx_word' id='word_1_245' title='bbox 668 2993 827 3056; x_wconf 89' lang='lat' dir='ltr'>subvenire</span> <span class='ocrx_word' id='word_1_246' title='bbox 841 2995 868 3056; x_wconf 90' lang='lat' dir='ltr'>ei</span> <span class='ocrx_word' id='word_1_247' title='bbox 883 2995 935 3077; x_wconf 89' lang='lat' dir='ltr'>qni</span> <span class='ocrx_word' id='word_1_248' title='bbox 950 2993 1032 3056; x_wconf 88' lang='lat' dir='ltr'>illam</span> <span class='ocrx_word' id='word_1_249' title='bbox 1045 3013 1113 3056; x_wconf 88' lang='lat' dir='ltr'>eon·</span> 
     </span>
     <span class='ocr_line' id='line_1_32' title="bbox 143 3081 1113 3164; baseline 0.007 -25"><span class='ocrx_word' id='word_1_250' title='bbox 143 3081 267 3159; x_wconf 87' lang='lat' dir='ltr'>temnit,</span> <span class='ocrx_word' id='word_1_251' title='bbox 282 3082 446 3163; x_wconf 78' lang='lat' dir='ltr'>prasertim</span> <span class='ocrx_word' id='word_1_252' title='bbox 460 3083 530 3145; x_wconf 83' lang='lat' dir='ltr'>ctrm</span> <span class='ocrx_word' id='word_1_253' title='bbox 545 3083 670 3164; x_wconf 75' lang='lat' dir='ltr'>possita</span> <span class='ocrx_word' id='word_1_254' title='bbox 687 3085 742 3146; x_wconf 80' lang='lat' dir='ltr'>suit</span> <span class='ocrx_word' id='word_1_255' title='bbox 755 3083 947 3146; x_wconf 74' lang='lat' dir='ltr'>contumacia</span> <span class='ocrx_word' id='word_1_256' title='bbox 960 3082 1113 3146; x_wconf 89' lang='lat' dir='ltr'>recedere.</span> 
     </span>
     <span class='ocr_line' id='line_1_33' title="bbox 143 3167 1116 3254; baseline 0.009 -27"><span class='ocrx_word' id='word_1_257' title='bbox 143 3167 298 3245; x_wconf 78' lang='lat' dir='ltr'>Attamen,</span> <span class='ocrx_word' id='word_1_258' title='bbox 314 3170 338 3232; x_wconf 85' lang='lat' dir='ltr'>si</span> <span class='ocrx_word' id='word_1_259' title='bbox 360 3189 525 3254; x_wconf 86' lang='lat' dir='ltr'>suspensus</span> <span class='ocrx_word' id='word_1_260' title='bbox 544 3173 681 3235; x_wconf 89' lang='lat' dir='ltr'>occultus</span> <span class='ocrx_word' id='word_1_261' title='bbox 696 3173 753 3251; x_wconf 90' lang='lat' dir='ltr'>sit,</span> <span class='ocrx_word' id='word_1_262' title='bbox 767 3177 798 3233; x_wconf 84' lang='lat' dir='ltr'>et</span> <span class='ocrx_word' id='word_1_263' title='bbox 813 3172 918 3236; x_wconf 86' lang='lat' dir='ltr'>munia</span> <span class='ocrx_word' id='word_1_264' title='bbox 936 3189 991 3234; x_wconf 88' lang='lat' dir='ltr'>sua</span> <span class='ocrx_word' id='word_1_265' title='bbox 1009 3171 1116 3251; x_wconf 89' lang='lat' dir='ltr'>imple·</span> 
     </span>
    </p>
   </div>
   <div class='ocr_carea' id='block_1_3' title="bbox 142 3255 1247 3344">
    <p class='ocr_par' dir='ltr' id='par_1_9' title="bbox 142 3255 1247 3344">
     <span class='ocr_line' id='line_1_34' title="bbox 142 3255 1247 3344; baseline 0.005 -26"><span class='ocrx_word' id='word_1_266' title='bbox 142 3255 234 3332; x_wconf 85' lang='lat' dir='ltr'>verit‚</span> <span class='ocrx_word' id='word_1_267' title='bbox 257 3259 364 3338; x_wconf 88' lang='lat' dir='ltr'>poterit</span> <span class='ocrx_word' id='word_1_268' title='bbox 389 3259 444 3322; x_wconf 88' lang='lat' dir='ltr'>sibi</span> <span class='ocrx_word' id='word_1_269' title='bbox 464 3261 594 3324; x_wconf 89' lang='lat' dir='ltr'>retinere</span> <span class='ocrx_word' id='word_1_270' title='bbox 616 3269 732 3344; x_wconf 89' lang='lat' dir='ltr'>partem</span> <span class='ocrx_word' id='word_1_271' title='bbox 752 3279 844 3344; x_wconf 87' lang='lat' dir='ltr'>quam</span> <span class='ocrx_word' id='word_1_272' title='bbox 864 3258 937 3322; x_wconf 89' lang='lat' dir='ltr'>dare</span> <span class='ocrx_word' id='word_1_273' title='bbox 957 3258 1117 3323; x_wconf 84' lang='lat' dir='ltr'>substituto</span> <span class='ocrx_word' id='word_1_274' title='bbox 1246 3333 1247 3336; x_wconf 8' lang='grc' dir='ltr'><strong>Ἴ</strong></span> 
     </span>
    </p>
   </div>
   <div class='ocr_carea' id='block_1_4' title="bbox 141 3343 1118 3609">
    <p class='ocr_par' dir='ltr' id='par_1_10' title="bbox 141 3343 1118 3609">
     <span class='ocr_line' id='line_1_35' title="bbox 141 3343 1116 3432; baseline 0.004 -25"><span class='ocrx_word' id='word_1_275' title='bbox 141 3343 1116 3432; x_wconf 81' lang='lat' dir='ltr'>debuissetquiahaecparsnonesthabendautlructusbeneiicii,</span> 
     </span>
     <span class='ocr_line' id='line_1_36' title="bbox 141 3433 1115 3522; baseline 0.002 -22"><span class='ocrx_word' id='word_1_276' title='bbox 141 3433 303 3517; x_wconf 84' lang='lat' dir='ltr'>sedpotitrs</span> <span class='ocrx_word' id='word_1_277' title='bbox 310 3437 494 3519; x_wconf 89' lang='lat' dir='ltr'>stipendium</span> <span class='ocrx_word' id='word_1_278' title='bbox 509 3439 630 3502; x_wconf 87' lang='lat' dir='ltr'>laboris.</span> <span class='ocrx_word' id='word_1_279' title='bbox 644 3443 676 3502; x_wconf 86' lang='lat' dir='ltr'>S.</span> <span class='ocrx_word' id='word_1_280' title='bbox 688 3441 767 3522; x_wconf 81' lang='lat' dir='ltr'>Lig.,</span> <span class='ocrx_word' id='word_1_281' title='bbox 777 3439 829 3501; x_wconf 93' lang='lat' dir='ltr'>lib.</span> <span class='ocrx_word' id='word_1_282' title='bbox 841 3443 872 3517; x_wconf 80' lang='lat'>7,</span> <span class='ocrx_word' id='word_1_283' title='bbox 882 3439 994 3514; x_wconf 78' lang='lat' dir='ltr'>n⁰3l6,</span> <span class='ocrx_word' id='word_1_284' title='bbox 1004 3435 1072 3501; x_wconf 82' lang='lat' dir='ltr'>dub.</span> <span class='ocrx_word' id='word_1_285' title='bbox 1086 3443 1115 3502; x_wconf 96' lang='grc'>1.</span> 
     </span>
     <span class='ocr_line' id='line_1_37' title="bbox 181 3525 1118 3609; baseline 0.002 -21"><span class='ocrx_word' id='word_1_286' title='bbox 181 3528 270 3588; x_wconf 86' lang='grc'><strong>6586.</strong></span> <span class='ocrx_word' id='word_1_287' title='bbox 294 3527 390 3590; x_wconf 87' lang='lat' dir='ltr'>Hodie</span> <span class='ocrx_word' id='word_1_288' title='bbox 403 3528 435 3588; x_wconf 90' lang='lat' dir='ltr'>in</span> <span class='ocrx_word' id='word_1_289' title='bbox 446 3527 675 3592; x_wconf 79' lang='lat' dir='ltr'>Galliaolerieus</span> <span class='ocrx_word' id='word_1_290' title='bbox 685 3529 878 3609; x_wconf 78' lang='lat' dir='ltr'>suspensusi</span> <span class='ocrx_word' id='word_1_291' title='bbox 892 3525 1041 3590; x_wconf 87' lang='lat' dir='ltr'>beneflcio</span> <span class='ocrx_word' id='word_1_292' title='bbox 1055 3546 1118 3590; x_wconf 91' lang='lat' dir='ltr'>non</span> 
     </span>
    </p>
   </div>
   <div class='ocr_carea' id='block_1_5' title="bbox 141 3612 1116 3790">
    <p class='ocr_par' dir='ltr' id='par_1_11' title="bbox 141 3612 1116 3790">
     <span class='ocr_line' id='line_1_38' title="bbox 141 3612 1116 3701; baseline -0.002 -22"><span class='ocrx_word' id='word_1_293' title='bbox 141 3619 241 3697; x_wconf 88' lang='lat' dir='ltr'>potest</span> <span class='ocrx_word' id='word_1_294' title='bbox 253 3612 386 3696; x_wconf 78' lang='lat' dir='ltr'>legitime</span> <span class='ocrx_word' id='word_1_295' title='bbox 402 3615 458 3677; x_wconf 87' lang='lat' dir='ltr'>sibi</span> <span class='ocrx_word' id='word_1_296' title='bbox 481 3617 628 3696; x_wconf 83' lang='lat' dir='ltr'>retinere,</span> <span class='ocrx_word' id='word_1_297' title='bbox 647 3619 705 3680; x_wconf 84' lang='lat' dir='ltr'>nisi</span> <span class='ocrx_word' id='word_1_298' title='bbox 719 3623 810 3701; x_wconf 92' lang='lat' dir='ltr'>prout</span> <span class='ocrx_word' id='word_1_299' title='bbox 823 3615 915 3680; x_wconf 78' lang='lat' dir='ltr'>modo</span> <span class='ocrx_word' id='word_1_300' title='bbox 929 3616 1116 3694; x_wconf 84' lang='lat' dir='ltr'>dictumest,</span> 
     </span>
     <span class='ocr_line' id='line_1_39' title="bbox 142 3702 1093 3790; baseline -0.042 -23"><span class='ocrx_word' id='word_1_301' title='bbox 142 3702 321 3784; x_wconf 84' lang='lat' dir='ltr'>pensionem</span> <span class='ocrx_word' id='word_1_302' title='bbox 334 3703 392 3785; x_wconf 85' lang='lat' dir='ltr'>ipsi</span> <span class='ocrx_word' id='word_1_303' title='bbox 414 3705 600 3768; x_wconf 83' lang='lat' dir='ltr'>&#39;aGubemio</span> <span class='ocrx_word' id='word_1_304' title='bbox 614 3707 762 3784; x_wconf 78' lang='lat' dir='ltr'>solutam,</span> <span class='ocrx_word' id='word_1_305' title='bbox 784 3707 855 3790; x_wconf 83' lang='lat' dir='ltr'>quia</span> <span class='ocrx_word' id='word_1_306' title='bbox 874 3706 960 3788; x_wconf 80' lang='lat' dir='ltr'>juxta</span> <span class='ocrx_word' id='word_1_307' title='bbox 980 3705 1093 3788; x_wconf 57' lang='lat' dir='ltr'>super„</span> 
     </span>
    </p>
   </div>
   <div class='ocr_carea' id='block_1_6' title="bbox 0 0 1277 3990">
    <p class='ocr_par' dir='ltr' id='par_1_12' title="bbox 0 0 1277 3990">
     <span class='ocr_line' id='line_1_40' title="bbox 0 0 1277 3990; baseline 0 0"><span class='ocrx_word' id='word_1_308' title='bbox 0 0 1277 3990; x_wconf 95' lang='lat' dir='ltr'> </span> 
     </span>
    </p>
   </div>
  </div>
 </body>
</html>
