2548 3988
223 318 281 378 666
442 330 580 379 utrumn
599 331 699 380 rorrus
719 333 798 381 runis
818 333 963 383 eunoun.

261 445 350 505 otta.
373 441 504 506 Graviter
519 449 643 524 peccent
656 443 834 508 comitantes
847 443 1003 508 vitandum
1023 443 1064 510 cd
1080 446 1180 528 scpul-

221 536 331 601 turam,
347 531 635 596 etelericicnnentes
652 552 659 595 :
676 531 760 594 illum
775 539 876 596 autem
890 533 1071 616 sepelientes
1082 535 1180 600 incur·

220 626 291 683 runt
318 621 663 684 excommunicationem
690 621 837 700 majorem
865 621 1058 701 (Clementin.
1091 629 1120 702 1,
1148 625 1182 688 de

218 707 384 792 sepultum).
397 711 630 772 controvertitur
640 729 677 772 an
685 710 1047 792 persepelienteriutelligi
1056 713 1181 776 debeant

217 799 238 862 ii
252 799 304 880 qui
315 804 477 879 procurant
489 799 619 880 sepeliri.
631 799 674 860 De
688 802 885 862 eaexcomm.
906 799 1016 863 silctG.
1033 805 1055 862 Α
1059 819 1093 882 p.
1112 800 1179 864 Sed.

258 894 347 953 6516.
361 895 411 937 '—
431 891 481 952 lX.
508 909 524 948 c
548 889 836 952 Excommunicatus
860 887 994 971 privatur
1019 888 1103 950 omni
1129 889 1184 950 alil

217 999 232 1038 r
257 979 336 1041 civili
356 976 630 1041 communicatione
650 977 785 1038 bdelium
810 977 851 1038 ita
873 984 907 1040 ut
927 977 991 1058 ipse
1009 994 1072 1038 non
1096 979 1184 1056 posslt

218 1089 233 1127 o
258 1067 423 1142 cumulis,
438 1071 484 1144 et,
508 1067 533 1128 si
549 1065 661 1128 nonsit
682 1065 846 1146 toleratuS,
861 1065 951 1128 etiam
966 1063 1016 1128 alii
1038 1082 1108 1127 cum
1123 1065 1187 1146 ipso

218 1179 233 1214 a
259 1174 321 1218 non
341 1155 457 1237 possint
476 1155 724 1232 communicare;
740 1153 832 1237 idque
845 1155 877 1216 in
891 1153 1010 1216 casibus
1023 1153 1081 1216 boc
1100 1171 1186 1216 versu

218 1265 233 1303 a
257 1243 508 1324 comprehensis:

329 1357 340 1388 r
357 1339 403 1400 Os,
415 1354 502 1400 orare,
516 1340 585 1402 vala,
601 1338 759 1402 communio,
772 1355 856 1392 menso
869 1345 982 1408 negatur.
997 1356 1009 1388 ι

218 1425 457 1502 (Busembaum.‚
467 1443 517 1508 ap.
533 1427 564 1489 S.
574 1426 653 1507 Lip,
669 1427 1190 1508 111).7,188.)-11666666616666

218 1515 645 1595 666.Ε66666666616616617,
661 1533 751 1578 causa
767 1521 819 1595 11,
835 1537 865 1598 q.
882 1515 912 1580 3.

258 1606 349 1665 6611.
373 1603 460 1666 Dicit.
479 1609 508 1666 1ο
534 1604 571 1668 Oa
596 1621 680 1688 :per
701 1605 783 1687 quod
809 1603 1140 1687 intelligiturosculum‘
1161 1611 1192 1667 et

206 1709 310 1754 ‘omne
326 1692 533 1773 colloquium,
554 1693 642 1756 etiam
666 1695 834 1776 privatum,
850 1695 910 1756 tim
924 1711 978 1776 per
991 1693 1082 1756 verba
1095 1695 1193 1774 quam

218 1799 272 1863 per
286 1787 396 1859 nutus,
413 1781 543 1860 litteras,
563 1783 804 1859 internuntium3
825 1783 898 1844 item
919 1781 1045 1865 quodvis
1065 1782 1193 1862 signum

218 1868 448 1950 benevolentiae,
470 1871 573 1935 missio
593 1873 639 1935 rel
662 1872 825 1956 acceptatio
847 1889 1027 1948 munerum,
1052 1879 1108 1933 etc.
1131 1873 1194 1942 061

217 1969 319 2023 tamen
342 1962 638 2026 excommunicatum
653 1961 769 2042 iniuriis
783 1960 928 2039 afficeret,
943 1961 989 2024 rel
1003 1959 1030 2022 ei
1050 1959 1165 2023 diceret
1183 1983 1192 2024 :

219 2051 295 2112 Deua
309 2059 336 2113 te
360 2051 526 2127 illuminet,
549 2058 804 2130 concertatore,
826 2051 943 2114 nullam
962 2066 1122 2113 censuram
1142 2050 1195 2110 in-

217 2146 361 2204 curreret.
378 2143 420 2219 (S.
436 2141 571 2221 113666,
587 2141 639 2203 lib.
660 2146 698 2220 7,
714 2140 755 2202 n¹¹
770 2145 844 2217 189,
861 2143 933 2216 193,
948 2143 981 2202 in
993 2138 1080 2221 fine.)

258 2229 342 2290 [licit.
367 2233 399 2290 2⁰
414 2229 517 2304 Orare,
531 2229 560 2290 id
575 2235 618 2292 est
640 2229 741 2292 omnis
761 2229 997 2292 communicatio
1011 2227 1043 2290 in
1056 2225 1195 2308 divinis,

216 2321 250 2378 ut
264 2333 354 2398 supra
369 2316 425 2378 luit
438 2316 618 2396 expositum.

255 2408 345 2468 6546.
368 2405 454 2468 Dicit.
470 2409 503 2468 3·
525 2403 594 2468 Vola
610 2426 617 2469 :
634 2406 715 2490 quod
729 2404 1091 2488 comprehenditomnem
1104 2405 1197 2470 salu-

215 2493 360 2559 tationem
374 2495 478 2558 saltem
495 2495 709 2576 honorificam,
723 2497 826 2574 uerbo,
841 2497 940 2578 signo,
955 2493 1107 2576 amplexu,
1126 2504 1195 2578 etc.

255 2585 413 2648 Dubitatur
433 2592 533 2648 tamen
549 2604 588 2647 an
609 2587 697 2650 liceat
716 2587 856 2650 exhibere
869 2584 1132 2648 excommunicato
1148 2587 1198 2648 si-

216 2691 276 2754 gna
290 2673 480 2752 urbanitatis,
491 2693 518 2737 v.
535 2695 565 2756 g.
577 2674 773 2756 assurgendo,
784 2673 884 2736 dando
894 2673 1007 2746 locum,
1021 2671 1200 2754 aperiendo

215 2767 322 2842 caput,
345 2761 409 2825 sinc
431 2763 492 2825 uua
511 2763 703 2844 expressione
723 2763 883 2826 verborum
899 2781 907 2824 r
925 2762 1026 2824 Prima
1039 2766 1198 2826 sententia

215 2849 299 2912 valde
311 2849 473 2933 probabilis
487 2857 593 2931 negat,
614 2853 686 2932 quia
705 2849 877 2931 hujusmodi
892 2855 977 2913 actus
990 2851 1195 2930 reverentiae,

214 2946 277 3000 esto
292 2939 362 3001 solis
376 2938 498 3001 nutibus
512 2937 586 3001 fiant
605 2947 634 3001 et
647 2940 713 3004 sinc
733 2941 837 3002 animo
849 2938 1034 3016 honorandi,
1050 2947 1121 3002 sunt
1141 2947 1196 3002 ta-

214 3047 284 3091 men
307 3026 445 3108 quaedsm
477 3027 710 3093 communicatio
738 3035 769 3090 et
789 3047 860 3090 rere
881 3029 966 3109 signa
996 3030 1194 3092 reuerentiae.

214 3117 346 3181 Secunda
367 3117 510 3178 sententia
532 3115 672 3195 affirmat,
689 3116 781 3180 modo
802 3117 879 3179 absit
900 3117 1019 3180 animus
1041 3116 1200 3180 honorifi-

215 3206 321 3285 candi,
346 3205 418 3288 quia
439 3205 611 3286 hujusmodi
629 3208 714 3286 signa
735 3205 912 3268 exhibentur
930 3213 1003 3268 tunc
1021 3212 1055 3268 ut
1074 3207 1198 3270 vitetur

213 3294 507 3361 notainurbanitatis
523 3295 688 3358 Probabilis
701 3301 801 3357 nutem
811 3294 876 3358 haec
886 3294 1032 3358 sententia
1041 3293 1198 3376 habetur,

213 3385 345 3448 maxime
358 3388 382 3446 si
396 3385 675 3446 excommunicatus
688 3384 727 3446 sit
749 3385 893 3464 Superior
917 3383 964 3446 rel
981 3399 1110 3466 persona
1126 3405 1193 3467 pu·

212 3472 307 3547 blica,
323 3474 394 3555 quia
418 3479 491 3535 tunc
504 3474 590 3554 signa
611 3470 732 3552 praeiata
752 3472 929 3535 urbanitatis
950 3471 1134 3536 exhibentur
1150 3473 1197 3537 ad

212 3561 364 3622 vitandum
377 3560 524 3622 damnum
536 3559 583 3622 rel
596 3557 845 3639 indignationem.
861 3561 905 3638 (S.
924 3560 1060 3642 Lignum,
1075 3560 1133 3623 lib.
1151 3567 1196 3641 7,

212 3646 463 3724 erraretur.)
1266 3705 1267 3714 ,

251 3734 340 3792 6616.
364 3733 521 3796 Dubitatur
533 3735 657 3812 insuper
670 3749 708 3795 en
722 3735 809 3795 liceat
827 3735 1127 3800 excommunicatum
1145 3755 1202 3803 ro
