<?xml version="1.0" encoding="UTF-8"?>
<!DOCTYPE html PUBLIC "-//W3C//DTD XHTML 1.0 Transitional//EN"
    "http://www.w3.org/TR/xhtml1/DTD/xhtml1-transitional.dtd">
<html xmlns="http://www.w3.org/1999/xhtml" xml:lang="en" lang="en">
 <head>
  <title>
</title>
<meta http-equiv="Content-Type" content="text/html;charset=utf-8" />
  <meta name='ocr-system' content='tesseract 3.04.00' />
  <meta name='ocr-capabilities' content='ocr_page ocr_carea ocr_par ocr_line ocrx_word'/>
</head>
<body>
  <div class='ocr_page' id='page_1' title='image "./manualetotiusju02craigoog/manualetotiusju02craigoog_0277.png"; bbox 0 0 2452 3984; ppageno 0'>
   <div class='ocr_carea' id='block_1_1' title="bbox 193 263 943 346">
    <p class='ocr_par' dir='ltr' id='par_1_1' title="bbox 193 263 943 346">
     <span class='ocr_line' id='line_1_1' title="bbox 193 263 943 346; baseline -0.004 -22"><span class='ocrx_word' id='word_1_1' title='bbox 193 263 251 325; x_wconf 72' lang='lat'>268</span> <span class='ocrx_word' id='word_1_2' title='bbox 417 276 555 346; x_wconf 77' lang='lat' dir='ltr'>annonae</span> <span class='ocrx_word' id='word_1_3' title='bbox 574 273 675 320; x_wconf 70' lang='lat' dir='ltr'>sortus</span> <span class='ocrx_word' id='word_1_4' title='bbox 694 273 776 320; x_wconf 80' lang='lat' dir='ltr'>sunus</span> <span class='ocrx_word' id='word_1_5' title='bbox 797 273 943 322; x_wconf 84' lang='lat' dir='ltr'>canonum.</span> 
     </span>
    </p>
   </div>
   <div class='ocr_carea' id='block_1_2' title="bbox 148 371 1215 1786">
    <p class='ocr_par' dir='ltr' id='par_1_2' title="bbox 194 371 1215 720">
     <span class='ocr_line' id='line_1_2' title="bbox 194 371 1215 454; baseline -0.006 -15"><span class='ocrx_word' id='word_1_6' title='bbox 194 377 356 440; x_wconf 77' lang='lat' dir='ltr'>annectere</span> <span class='ocrx_word' id='word_1_7' title='bbox 367 375 541 450; x_wconf 76' lang='lat' dir='ltr'>consuevit,</span> <span class='ocrx_word' id='word_1_8' title='bbox 563 373 633 454; x_wconf 89' lang='lat' dir='ltr'>quia</span> <span class='ocrx_word' id='word_1_9' title='bbox 647 373 716 435; x_wconf 88' lang='lat' dir='ltr'>talia</span> <span class='ocrx_word' id='word_1_10' title='bbox 731 372 829 434; x_wconf 89' lang='lat' dir='ltr'>media</span> <span class='ocrx_word' id='word_1_11' title='bbox 852 374 981 434; x_wconf 82' lang='lat' dir='ltr'>solenter</span> <span class='ocrx_word' id='word_1_12' title='bbox 1000 371 1172 448; x_wconf 84' lang='lat' dir='ltr'>adhibens,</span> <span class='ocrx_word' id='word_1_13' title='bbox 1214 413 1215 452; x_wconf 63' lang='lat'>,</span> 
     </span>
     <span class='ocr_line' id='line_1_3' title="bbox 194 460 1215 544; baseline -0.008 -16"><span class='ocrx_word' id='word_1_14' title='bbox 194 467 254 544; x_wconf 67' lang='lat' dir='ltr'>agit</span> <span class='ocrx_word' id='word_1_15' title='bbox 267 470 372 527; x_wconf 87' lang='lat' dir='ltr'>contra</span> <span class='ocrx_word' id='word_1_16' title='bbox 384 480 473 526; x_wconf 91' lang='lat' dir='ltr'>suam</span> <span class='ocrx_word' id='word_1_17' title='bbox 494 461 756 544; x_wconf 74' lang='lat' dir='ltr'>protestationem,</span> <span class='ocrx_word' id='word_1_18' title='bbox 770 479 839 542; x_wconf 83' lang='lat' dir='ltr'>quae</span> <span class='ocrx_word' id='word_1_19' title='bbox 856 460 985 543; x_wconf 81' lang='lat' dir='ltr'><strong>proinde</strong></span> <span class='ocrx_word' id='word_1_20' title='bbox 999 461 1096 523; x_wconf 88' lang='lat' dir='ltr'>inanis</span> <span class='ocrx_word' id='word_1_21' title='bbox 1117 461 1175 524; x_wconf 59' lang='lat' dir='ltr'>lit.⁴</span> <span class='ocrx_word' id='word_1_22' title='bbox 1214 475 1215 484; x_wconf 57' lang='lat'>¹</span> 
     </span>
     <span class='ocr_line' id='line_1_4' title="bbox 195 549 1215 633; baseline -0.005 -18"><span class='ocrx_word' id='word_1_23' title='bbox 195 555 269 616; x_wconf 86' lang='lat' dir='ltr'>Vide</span> <span class='ocrx_word' id='word_1_24' title='bbox 279 555 310 614; x_wconf 86' lang='lat' dir='ltr'>S.</span> <span class='ocrx_word' id='word_1_25' title='bbox 321 551 443 633; x_wconf 81' lang='lat' dir='ltr'>Liguor.</span> <span class='ocrx_word' id='word_1_26' title='bbox 456 550 518 627; x_wconf 88' lang='lat' dir='ltr'>(lib.</span> <span class='ocrx_word' id='word_1_27' title='bbox 533 553 563 628; x_wconf 86' lang='grc'>3,</span> <span class='ocrx_word' id='word_1_28' title='bbox 577 558 610 611; x_wconf 81' lang='lat' dir='ltr'>n⁰</span> <span class='ocrx_word' id='word_1_29' title='bbox 621 552 662 628; x_wconf 86' lang='grc'>8).</span> <span class='ocrx_word' id='word_1_30' title='bbox 675 551 739 611; x_wconf 90' lang='lat' dir='ltr'>lmb</span> <span class='ocrx_word' id='word_1_31' title='bbox 751 567 814 611; x_wconf 93' lang='lat' dir='ltr'>non</span> <span class='ocrx_word' id='word_1_32' title='bbox 828 549 995 612; x_wconf 84' lang='lat' dir='ltr'>necessario</span> <span class='ocrx_word' id='word_1_33' title='bbox 1007 549 1163 632; x_wconf 78' lang='lat' dir='ltr'>impeditur</span> <span class='ocrx_word' id='word_1_34' title='bbox 1214 559 1215 630; x_wconf 66' lang='lat'>3</span> 
     </span>
     <span class='ocr_line' id='line_1_5' title="bbox 196 637 1163 720; baseline -0.004 -16"><span class='ocrx_word' id='word_1_35' title='bbox 196 644 379 704; x_wconf 87' lang='lat' dir='ltr'>interventus</span> <span class='ocrx_word' id='word_1_36' title='bbox 399 639 566 702; x_wconf 84' lang='lat' dir='ltr'>diabolicus</span> <span class='ocrx_word' id='word_1_37' title='bbox 588 655 626 700; x_wconf 86' lang='lat' dir='ltr'>ert</span> <span class='ocrx_word' id='word_1_38' title='bbox 649 655 686 700; x_wconf 89' lang='lat' dir='ltr'>eo</span> <span class='ocrx_word' id='word_1_39' title='bbox 709 637 792 719; x_wconf 87' lang='lat' dir='ltr'>qubd</span> <span class='ocrx_word' id='word_1_40' title='bbox 815 638 884 719; x_wconf 87' lang='lat' dir='ltr'>quis</span> <span class='ocrx_word' id='word_1_41' title='bbox 910 639 1029 720; x_wconf 81' lang='lat' dir='ltr'>ignoret</span> <span class='ocrx_word' id='word_1_42' title='bbox 1052 639 1163 720; x_wconf 83' lang='lat' dir='ltr'>magica</span> 
     </span>
    </p>

    <p class='ocr_par' dir='ltr' id='par_1_3' title="bbox 148 725 1215 1786">
     <span class='ocr_line' id='line_1_6' title="bbox 148 725 1164 810; baseline -0.007 -16"><span class='ocrx_word' id='word_1_43' title='bbox 148 762 152 770; x_wconf 91' lang='lat'>·</span> <span class='ocrx_word' id='word_1_44' title='bbox 196 749 261 794; x_wconf 89' lang='lat' dir='ltr'>esse</span> <span class='ocrx_word' id='word_1_45' title='bbox 281 729 381 792; x_wconf 87' lang='lat' dir='ltr'>media</span> <span class='ocrx_word' id='word_1_46' title='bbox 400 746 469 810; x_wconf 82' lang='lat' dir='ltr'>quae</span> <span class='ocrx_word' id='word_1_47' title='bbox 489 725 610 790; x_wconf 81' lang='lat' dir='ltr'>adhibet</span> <span class='ocrx_word' id='word_1_48' title='bbox 631 733 661 789; x_wconf 91' lang='lat' dir='ltr'>et</span> <span class='ocrx_word' id='word_1_49' title='bbox 682 725 839 790; x_wconf 83' lang='lat' dir='ltr'>bonafide</span> <span class='ocrx_word' id='word_1_50' title='bbox 857 725 1015 805; x_wconf 74' lang='lat' dir='ltr'>adhibeat,</span> <span class='ocrx_word' id='word_1_51' title='bbox 1041 727 1065 790; x_wconf 91' lang='lat' dir='ltr'>si</span> <span class='ocrx_word' id='word_1_52' title='bbox 1087 728 1164 789; x_wconf 88' lang='lat' dir='ltr'>enim</span> 
     </span>
     <span class='ocr_line' id='line_1_7' title="bbox 183 813 1215 900; baseline -0.008 -16"><span class='ocrx_word' id='word_1_53' title='bbox 183 821 276 884; x_wconf 67' lang='lat' dir='ltr'>„Deus</span> <span class='ocrx_word' id='word_1_54' title='bbox 289 818 433 900; x_wconf 89' lang='lat' dir='ltr'>permittit</span> <span class='ocrx_word' id='word_1_55' title='bbox 445 823 479 880; x_wconf 91' lang='lat' dir='ltr'>ut</span> <span class='ocrx_word' id='word_1_56' title='bbox 491 815 581 878; x_wconf 87' lang='lat' dir='ltr'>etiam</span> <span class='ocrx_word' id='word_1_57' title='bbox 595 813 699 878; x_wconf 86' lang='lat' dir='ltr'>fideles</span> <span class='ocrx_word' id='word_1_58' title='bbox 713 815 745 877; x_wconf 92' lang='lat' dir='ltr'>in</span> <span class='ocrx_word' id='word_1_59' title='bbox 758 821 838 878; x_wconf 87' lang='lat' dir='ltr'>statu</span> <span class='ocrx_word' id='word_1_60' title='bbox 859 816 963 896; x_wconf 83' lang='lat' dir='ltr'>gratiae</span> <span class='ocrx_word' id='word_1_61' title='bbox 976 816 1136 879; x_wconf 83' lang='lat' dir='ltr'>existentes</span> <span class='ocrx_word' id='word_1_62' title='bbox 1149 817 1165 876; x_wconf 81' lang='lat' dir='ltr'>h</span> <span class='ocrx_word' id='word_1_63' title='bbox 1214 817 1215 828; x_wconf 60' lang='lat'>¹</span> 
     </span>
     <span class='ocr_line' id='line_1_8' title="bbox 196 898 1166 988; baseline 0 -18"><span class='ocrx_word' id='word_1_64' title='bbox 196 906 315 970; x_wconf 90' lang='lat' dir='ltr'>diabolo</span> <span class='ocrx_word' id='word_1_65' title='bbox 329 905 538 981; x_wconf 78' lang='lat' dir='ltr'>obsideantur,</span> <span class='ocrx_word' id='word_1_66' title='bbox 550 923 605 968; x_wconf 88' lang='lat' dir='ltr'>our</span> <span class='ocrx_word' id='word_1_67' title='bbox 619 903 788 966; x_wconf 86' lang='lat' dir='ltr'>neeessarid</span> <span class='ocrx_word' id='word_1_68' title='bbox 801 898 925 966; x_wconf 84' lang='lat' dir='ltr'>deberet</span> <span class='ocrx_word' id='word_1_69' title='bbox 938 903 1086 988; x_wconf 89' lang='lat' dir='ltr'>impedire</span> <span class='ocrx_word' id='word_1_70' title='bbox 1098 923 1166 986; x_wconf 87' lang='lat' dir='ltr'>quo·</span> 
     </span>
     <span class='ocr_line' id='line_1_9' title="bbox 197 992 1215 1074; baseline -0.006 -16"><span class='ocrx_word' id='word_1_71' title='bbox 197 997 299 1059; x_wconf 88' lang='lat' dir='ltr'>minus</span> <span class='ocrx_word' id='word_1_72' title='bbox 310 1013 372 1058; x_wconf 91' lang='lat' dir='ltr'>non</span> <span class='ocrx_word' id='word_1_73' title='bbox 386 993 578 1057; x_wconf 86' lang='lat' dir='ltr'>interveniret</span> <span class='ocrx_word' id='word_1_74' title='bbox 591 993 745 1064; x_wconf 89' lang='lat' dir='ltr'>diabolus,</span> <span class='ocrx_word' id='word_1_75' title='bbox 769 992 891 1074; x_wconf 88' lang='lat' dir='ltr'>quando</span> <span class='ocrx_word' id='word_1_76' title='bbox 917 993 998 1057; x_wconf 79' lang='lat' dir='ltr'>bona</span> <span class='ocrx_word' id='word_1_77' title='bbox 1016 992 1077 1056; x_wconf 87' lang='lat' dir='ltr'>lide</span> <span class='ocrx_word' id='word_1_78' title='bbox 1090 993 1165 1055; x_wconf 89' lang='lat' dir='ltr'>adhi-</span> <span class='ocrx_word' id='word_1_79' title='bbox 1214 1057 1215 1060; x_wconf 49' lang='lat'>,</span> 
     </span>
     <span class='ocr_line' id='line_1_10' title="bbox 197 1081 1166 1164; baseline -0.005 -17"><span class='ocrx_word' id='word_1_80' title='bbox 197 1085 306 1148; x_wconf 83' lang='lat' dir='ltr'>buntur</span> <span class='ocrx_word' id='word_1_81' title='bbox 319 1083 418 1146; x_wconf 88' lang='lat' dir='ltr'>media</span> <span class='ocrx_word' id='word_1_82' title='bbox 428 1083 544 1163; x_wconf 79' lang='lat' dir='ltr'>magica</span> <span class='ocrx_word' id='word_1_83' title='bbox 559 1081 669 1164; x_wconf 87' lang='lat' dir='ltr'>quibus</span> <span class='ocrx_word' id='word_1_84' title='bbox 684 1081 737 1152; x_wconf 88' lang='lat' dir='ltr'>iste</span> <span class='ocrx_word' id='word_1_85' title='bbox 751 1081 826 1144; x_wconf 88' lang='lat' dir='ltr'>solet</span> <span class='ocrx_word' id='word_1_86' title='bbox 840 1099 874 1143; x_wconf 92' lang='lat' dir='ltr'>se</span> <span class='ocrx_word' id='word_1_87' title='bbox 887 1082 1086 1146; x_wconf 78' lang='lat' dir='ltr'>immisceret</span> <span class='ocrx_word' id='word_1_88' title='bbox 1099 1082 1166 1144; x_wconf 88' lang='lat' dir='ltr'>Nul·</span> 
     </span>
     <span class='ocr_line' id='line_1_11' title="bbox 199 1169 1167 1253; baseline -0.002 -19"><span class='ocrx_word' id='word_1_89' title='bbox 199 1175 249 1234; x_wconf 86' lang='lat' dir='ltr'>libi</span> <span class='ocrx_word' id='word_1_90' title='bbox 260 1169 784 1246; x_wconf 87' lang='lat' dir='ltr'>enimrevelolumest,auttraditum</span> <span class='ocrx_word' id='word_1_91' title='bbox 794 1171 1167 1253; x_wconf 88' lang='lat' dir='ltr'>reperies,impediendum</span> 
     </span>
     <span class='ocr_line' id='line_1_12' title="bbox 199 1257 1215 1342; baseline -0.009 -19"><span class='ocrx_word' id='word_1_92' title='bbox 199 1259 453 1323; x_wconf 81' lang='lat' dir='ltr'>ioreneressarid</span> <span class='ocrx_word' id='word_1_93' title='bbox 478 1260 629 1321; x_wconf 80' lang='lat' dir='ltr'>sotionem</span> <span class='ocrx_word' id='word_1_94' title='bbox 652 1258 800 1321; x_wconf 85' lang='lat' dir='ltr'>daemonis</span> <span class='ocrx_word' id='word_1_95' title='bbox 823 1261 860 1322; x_wconf 88' lang='lat' dir='ltr'>ed</span> <span class='ocrx_word' id='word_1_96' title='bbox 874 1259 956 1342; x_wconf 87' lang='lat' dir='ltr'>qudd</span> <span class='ocrx_word' id='word_1_97' title='bbox 975 1261 1167 1341; x_wconf 71' lang='lat' dir='ltr'>praemittatur</span> <span class='ocrx_word' id='word_1_98' title='bbox 1214 1257 1215 1314; x_wconf 77' lang='lat' dir='ltr'>J</span> 
     </span>
     <span class='ocr_line' id='line_1_13' title="bbox 199 1347 1215 1434; baseline -0.002 -24"><span class='ocrx_word' id='word_1_99' title='bbox 199 1351 370 1434; x_wconf 90' lang='lat' dir='ltr'>protestatio</span> <span class='ocrx_word' id='word_1_100' title='bbox 397 1353 502 1410; x_wconf 87' lang='lat' dir='ltr'>contra</span> <span class='ocrx_word' id='word_1_101' title='bbox 529 1348 624 1428; x_wconf 91' lang='lat' dir='ltr'>ipsius</span> <span class='ocrx_word' id='word_1_102' title='bbox 648 1348 879 1411; x_wconf 83' lang='lat' dir='ltr'>interventum:</span> <span class='ocrx_word' id='word_1_103' title='bbox 904 1355 934 1410; x_wconf 91' lang='lat' dir='ltr'>et</span> <span class='ocrx_word' id='word_1_104' title='bbox 955 1351 1060 1412; x_wconf 82' lang='lat' dir='ltr'>rererh</span> <span class='ocrx_word' id='word_1_105' title='bbox 1085 1349 1167 1410; x_wconf 91' lang='lat' dir='ltr'>etiam</span> <span class='ocrx_word' id='word_1_106' title='bbox 1214 1347 1215 1394; x_wconf 63' lang='grc' dir='ltr'>ἐ</span> 
     </span>
     <span class='ocr_line' id='line_1_14' title="bbox 199 1421 1215 1520; baseline -0.002 -20"><span class='ocrx_word' id='word_1_107' title='bbox 199 1437 384 1520; x_wconf 78' lang='lat' dir='ltr'>experientid</span> <span class='ocrx_word' id='word_1_108' title='bbox 409 1443 525 1499; x_wconf 89' lang='lat' dir='ltr'>oonstat</span> <span class='ocrx_word' id='word_1_109' title='bbox 550 1437 703 1518; x_wconf 87' lang='lat' dir='ltr'>praelatam</span> <span class='ocrx_word' id='word_1_110' title='bbox 724 1436 970 1517; x_wconf 78' lang='lat' dir='ltr'>protestationem</span> <span class='ocrx_word' id='word_1_111' title='bbox 990 1445 1044 1500; x_wconf 90' lang='lat' dir='ltr'>aut</span> <span class='ocrx_word' id='word_1_112' title='bbox 1064 1438 1168 1500; x_wconf 91' lang='lat' dir='ltr'>bonam</span> <span class='ocrx_word' id='word_1_113' title='bbox 1214 1421 1215 1494; x_wconf 74' lang='lat' dir='ltr'>l</span> 
     </span>
     <span class='ocr_line' id='line_1_15' title="bbox 200 1525 1215 1620; baseline 0 -32"><span class='ocrx_word' id='word_1_114' title='bbox 200 1525 291 1589; x_wconf 87' lang='lat' dir='ltr'>fidem</span> <span class='ocrx_word' id='word_1_115' title='bbox 305 1525 600 1588; x_wconf 85' lang='lat' dir='ltr'>huncinterventum</span> <span class='ocrx_word' id='word_1_116' title='bbox 611 1544 673 1588; x_wconf 92' lang='lat' dir='ltr'>uon</span> <span class='ocrx_word' id='word_1_117' title='bbox 683 1543 803 1607; x_wconf 85' lang='lat' dir='ltr'>semper</span> <span class='ocrx_word' id='word_1_118' title='bbox 813 1525 984 1589; x_wconf 80' lang='lat' dir='ltr'>excludere.</span> <span class='ocrx_word' id='word_1_119' title='bbox 1000 1525 1079 1589; x_wconf 90' lang='lat' dir='ltr'>Vide</span> <span class='ocrx_word' id='word_1_120' title='bbox 1089 1527 1168 1609; x_wconf 89' lang='lat' dir='ltr'>plura</span> <span class='ocrx_word' id='word_1_121' title='bbox 1214 1555 1215 1620; x_wconf 58' lang='lat' dir='ltr'>p</span> 
     </span>
     <span class='ocr_line' id='line_1_16' title="bbox 199 1613 1215 1698; baseline 0.002 -22"><span class='ocrx_word' id='word_1_122' title='bbox 199 1615 274 1681; x_wconf 85' lang='lat' dir='ltr'>laeta</span> <span class='ocrx_word' id='word_1_123' title='bbox 288 1615 319 1678; x_wconf 92' lang='lat' dir='ltr'>id</span> <span class='ocrx_word' id='word_1_124' title='bbox 332 1615 490 1696; x_wconf 88' lang='lat' dir='ltr'>probantia</span> <span class='ocrx_word' id='word_1_125' title='bbox 504 1616 520 1677; x_wconf 80' lang='lat' dir='ltr'>a</span> <span class='ocrx_word' id='word_1_126' title='bbox 532 1617 568 1676; x_wconf 88' lang='lat' dir='ltr'>D.</span> <span class='ocrx_word' id='word_1_127' title='bbox 584 1613 682 1678; x_wconf 84' lang='lat' dir='ltr'>Bouix</span> <span class='ocrx_word' id='word_1_128' title='bbox 698 1613 801 1693; x_wconf 90' lang='lat' dir='ltr'>relata,</span> <span class='ocrx_word' id='word_1_129' title='bbox 816 1633 867 1698; x_wconf 89' lang='lat' dir='ltr'>ap.</span> <span class='ocrx_word' id='word_1_130' title='bbox 884 1613 982 1678; x_wconf 83' lang='lat' dir='ltr'>Beuue</span> <span class='ocrx_word' id='word_1_131' title='bbox 995 1613 1169 1678; x_wconf 65' lang='lat' dir='ltr'>destituto</span> <span class='ocrx_word' id='word_1_132' title='bbox 1214 1623 1215 1698; x_wconf 69' lang='lat' dir='ltr'>l</span> 
     </span>
     <span class='ocr_line' id='line_1_17' title="bbox 199 1703 1215 1786; baseline -0.001 -21"><span class='ocrx_word' id='word_1_133' title='bbox 199 1703 299 1766; x_wconf 83' lang='lat' dir='ltr'>ecclr&#39;a.</span> <span class='ocrx_word' id='word_1_134' title='bbox 315 1704 360 1783; x_wconf 73' lang='lat' dir='ltr'>ln·</span> <span class='ocrx_word' id='word_1_135' title='bbox 374 1705 404 1780; x_wconf 81' lang='lat'>5,</span> <span class='ocrx_word' id='word_1_136' title='bbox 420 1721 452 1786; x_wconf 90' lang='lat' dir='ltr'>p.</span> <span class='ocrx_word' id='word_1_137' title='bbox 466 1706 623 1784; x_wconf 71' lang='lat' dir='ltr'>dod-loll.</span> <span class='ocrx_word' id='word_1_138' title='bbox 1214 1707 1215 1716; x_wconf 75' lang='grc'>’</span> 
     </span>
    </p>
   </div>
   <div class='ocr_carea' id='block_1_3' title="bbox 199 1791 1170 1983">
    <p class='ocr_par' dir='ltr' id='par_1_4' title="bbox 199 1749 1215 1983">
     <span class='ocr_line' id='line_1_18' title="bbox 237 1791 1169 1876; baseline -0.005 -21"><span class='ocrx_word' id='word_1_139' title='bbox 237 1797 327 1855; x_wconf 74' lang='grc'><strong>6247.</strong></span> <span class='ocrx_word' id='word_1_140' title='bbox 350 1791 455 1854; x_wconf 79' lang='lat' dir='ltr'>Euthia</span> <span class='ocrx_word' id='word_1_141' title='bbox 468 1794 604 1874; x_wconf 90' lang='lat' dir='ltr'>sequitur</span> <span class='ocrx_word' id='word_1_142' title='bbox 617 1811 705 1872; x_wconf 87' lang='lat' dir='ltr'>posse</span> <span class='ocrx_word' id='word_1_143' title='bbox 719 1792 852 1874; x_wconf 81' lang='lat' dir='ltr'>peccari,</span> <span class='ocrx_word' id='word_1_144' title='bbox 867 1805 931 1856; x_wconf 91' lang='lat' dir='ltr'>non</span> <span class='ocrx_word' id='word_1_145' title='bbox 942 1792 1084 1858; x_wconf 88' lang='lat' dir='ltr'>obstante</span> <span class='ocrx_word' id='word_1_146' title='bbox 1095 1812 1169 1876; x_wconf 80' lang='lat' dir='ltr'>pra·</span> 
     </span>
     <span class='ocr_line' id='line_1_19' title="bbox 199 1877 1170 1983; baseline 0.003 -41"><span class='ocrx_word' id='word_1_147' title='bbox 199 1881 257 1954; x_wconf 80' lang='lat' dir='ltr'>tut</span> <span class='ocrx_word' id='word_1_148' title='bbox 284 1881 517 1962; x_wconf 68' lang='lat' dir='ltr'>protestatione,</span> <span class='ocrx_word' id='word_1_149' title='bbox 545 1879 716 1944; x_wconf 73' lang='lat' dir='ltr'>autumnat</span> <span class='ocrx_word' id='word_1_150' title='bbox 741 1881 821 1942; x_wconf 75' lang='lat' dir='ltr'>utcu</span> <span class='ocrx_word' id='word_1_151' title='bbox 848 1881 948 1944; x_wconf 73' lang='lat' dir='ltr'>mauu</span> <span class='ocrx_word' id='word_1_152' title='bbox 975 1877 1119 1964; x_wconf 64' lang='lat' dir='ltr'>magam:</span> <span class='ocrx_word' id='word_1_153' title='bbox 1144 1889 1170 1983; x_wconf 77' lang='lat' dir='ltr'>et</span> 
     </span>
    </p>
   </div>
   <div class='ocr_carea' id='block_1_4' title="bbox 198 1969 1215 3733">
    <p class='ocr_par' dir='ltr' id='par_1_5' title="bbox 199 1969 1215 2142">
     <span class='ocr_line' id='line_1_20' title="bbox 200 1969 1215 2052; baseline 0.005 -19"><span class='ocrx_word' id='word_1_154' title='bbox 200 1969 322 2052; x_wconf 82' lang='lat' dir='ltr'>quidem</span> <span class='ocrx_word' id='word_1_155' title='bbox 336 1975 452 2033; x_wconf 90' lang='lat' dir='ltr'>certum</span> <span class='ocrx_word' id='word_1_156' title='bbox 467 1976 513 2032; x_wconf 90' lang='lat' dir='ltr'>est</span> <span class='ocrx_word' id='word_1_157' title='bbox 528 1989 535 2032; x_wconf 90' lang='lat'><strong>:</strong></span> <span class='ocrx_word' id='word_1_158' title='bbox 552 1970 582 2032; x_wconf 75' lang='lat'>1⁰</span> <span class='ocrx_word' id='word_1_159' title='bbox 595 1970 683 2032; x_wconf 83' lang='lat' dir='ltr'>Gertd</span> <span class='ocrx_word' id='word_1_160' title='bbox 704 1970 843 2050; x_wconf 83' lang='lat' dir='ltr'>peceati,</span> <span class='ocrx_word' id='word_1_161' title='bbox 853 1969 944 2031; x_wconf 88' lang='lat' dir='ltr'>etiam</span> <span class='ocrx_word' id='word_1_162' title='bbox 958 1971 1135 2050; x_wconf 88' lang='lat' dir='ltr'>mortaliter,</span> <span class='ocrx_word' id='word_1_163' title='bbox 1149 1990 1170 2033; x_wconf 86' lang='lat' dir='ltr'>st</span> <span class='ocrx_word' id='word_1_164' title='bbox 1214 1983 1215 2038; x_wconf 87' lang='lat' dir='ltr'>l</span> 
     </span>
     <span class='ocr_line' id='line_1_21' title="bbox 199 2057 1171 2142; baseline -0.002 -20"><span class='ocrx_word' id='word_1_165' title='bbox 199 2057 328 2122; x_wconf 80' lang='lat' dir='ltr'>scienter</span> <span class='ocrx_word' id='word_1_166' title='bbox 350 2057 416 2122; x_wconf 86' lang='lat' dir='ltr'>haeo</span> <span class='ocrx_word' id='word_1_167' title='bbox 437 2057 535 2121; x_wconf 85' lang='lat' dir='ltr'>media</span> <span class='ocrx_word' id='word_1_168' title='bbox 557 2057 763 2139; x_wconf 88' lang='lat' dir='ltr'>superstitiosa</span> <span class='ocrx_word' id='word_1_169' title='bbox 778 2058 857 2120; x_wconf 89' lang='lat' dir='ltr'>serid</span> <span class='ocrx_word' id='word_1_170' title='bbox 871 2057 1092 2138; x_wconf 77' lang='lat' dir='ltr'>adhibeantur,</span> <span class='ocrx_word' id='word_1_171' title='bbox 1106 2060 1171 2142; x_wconf 88' lang='lat' dir='ltr'>quia</span> 
     </span>
    </p>

    <p class='ocr_par' dir='ltr' id='par_1_6' title="bbox 198 2145 1215 3736">
     <span class='ocr_line' id='line_1_22' title="bbox 201 2145 1215 2228; baseline 0.006 -20"><span class='ocrx_word' id='word_1_172' title='bbox 201 2165 262 2208; x_wconf 91' lang='lat' dir='ltr'>non</span> <span class='ocrx_word' id='word_1_173' title='bbox 284 2147 421 2208; x_wconf 87' lang='lat' dir='ltr'>obstante</span> <span class='ocrx_word' id='word_1_174' title='bbox 440 2147 655 2227; x_wconf 76' lang='lat' dir='ltr'>protestatione</span> <span class='ocrx_word' id='word_1_175' title='bbox 668 2145 751 2208; x_wconf 86' lang='lat' dir='ltr'>adest</span> <span class='ocrx_word' id='word_1_176' title='bbox 770 2153 892 2228; x_wconf 89' lang='lat' dir='ltr'>paetum</span> <span class='ocrx_word' id='word_1_177' title='bbox 907 2146 1091 2228; x_wconf 81' lang='lat' dir='ltr'>implicitum</span> <span class='ocrx_word' id='word_1_178' title='bbox 1106 2167 1170 2212; x_wconf 84' lang='lat' dir='ltr'>curn</span> <span class='ocrx_word' id='word_1_179' title='bbox 1214 2209 1215 2214; x_wconf 73' lang='grc'>,</span> 
     </span>
     <span class='ocr_line' id='line_1_23' title="bbox 199 2215 1215 2315; baseline 0.003 -19"><span class='ocrx_word' id='word_1_180' title='bbox 199 2235 357 2308; x_wconf 82' lang='lat' dir='ltr'>daemone3</span> <span class='ocrx_word' id='word_1_181' title='bbox 372 2239 404 2294; x_wconf 72' lang='lat'>2⁰</span> <span class='ocrx_word' id='word_1_182' title='bbox 418 2234 443 2295; x_wconf 90' lang='lat' dir='ltr'>si</span> <span class='ocrx_word' id='word_1_183' title='bbox 456 2232 535 2296; x_wconf 87' lang='lat' dir='ltr'>dieta</span> <span class='ocrx_word' id='word_1_184' title='bbox 548 2232 648 2296; x_wconf 88' lang='lat' dir='ltr'>media</span> <span class='ocrx_word' id='word_1_185' title='bbox 668 2233 867 2298; x_wconf 88' lang='lat' dir='ltr'>adhibeantur</span> <span class='ocrx_word' id='word_1_186' title='bbox 883 2253 919 2297; x_wconf 85' lang='lat' dir='ltr'>ex</span> <span class='ocrx_word' id='word_1_187' title='bbox 935 2236 1006 2315; x_wconf 87' lang='lat' dir='ltr'>joco</span> <span class='ocrx_word' id='word_1_188' title='bbox 1020 2237 1066 2298; x_wconf 89' lang='lat' dir='ltr'>vel</span> <span class='ocrx_word' id='word_1_189' title='bbox 1081 2238 1171 2301; x_wconf 89' lang='lat' dir='ltr'>eurio·</span> <span class='ocrx_word' id='word_1_190' title='bbox 1214 2215 1215 2288; x_wconf 67' lang='lat' dir='ltr'>l</span> 
     </span>
     <span class='ocr_line' id='line_1_24' title="bbox 199 2320 1170 2406; baseline 0.005 -23"><span class='ocrx_word' id='word_1_191' title='bbox 199 2322 285 2383; x_wconf 87' lang='lat' dir='ltr'>sitate</span> <span class='ocrx_word' id='word_1_192' title='bbox 298 2320 336 2383; x_wconf 90' lang='lat' dir='ltr'>ad</span> <span class='ocrx_word' id='word_1_193' title='bbox 349 2320 512 2383; x_wconf 86' lang='lat' dir='ltr'>uidendum</span> <span class='ocrx_word' id='word_1_194' title='bbox 526 2321 600 2402; x_wconf 84' lang='lat' dir='ltr'>quid</span> <span class='ocrx_word' id='word_1_195' title='bbox 618 2322 753 2400; x_wconf 85' lang='lat' dir='ltr'>accidat,</span> <span class='ocrx_word' id='word_1_196' title='bbox 768 2323 860 2404; x_wconf 82' lang='lat' dir='ltr'>aliqui</span> <span class='ocrx_word' id='word_1_197' title='bbox 875 2323 1008 2406; x_wconf 81' lang='lat' dir='ltr'>theologi</span> <span class='ocrx_word' id='word_1_198' title='bbox 1023 2326 1170 2390; x_wconf 75' lang='lat' dir='ltr'>existimo·</span> 
     </span>
     <span class='ocr_line' id='line_1_25' title="bbox 199 2409 1215 2496; baseline 0.006 -26"><span class='ocrx_word' id='word_1_199' title='bbox 199 2417 272 2472; x_wconf 91' lang='lat' dir='ltr'>runt</span> <span class='ocrx_word' id='word_1_200' title='bbox 284 2417 350 2472; x_wconf 86' lang='lat' dir='ltr'>esse</span> <span class='ocrx_word' id='word_1_201' title='bbox 362 2410 480 2472; x_wconf 80' lang='lat' dir='ltr'>tantiam</span> <span class='ocrx_word' id='word_1_202' title='bbox 489 2409 604 2472; x_wconf 91' lang='lat' dir='ltr'>veniale</span> <span class='ocrx_word' id='word_1_203' title='bbox 617 2457 625 2488; x_wconf 91' lang='lat'>,</span> <span class='ocrx_word' id='word_1_204' title='bbox 640 2410 692 2474; x_wconf 90' lang='lat' dir='ltr'>sed</span> <span class='ocrx_word' id='word_1_205' title='bbox 703 2411 789 2474; x_wconf 87' lang='lat' dir='ltr'>aliter</span> <span class='ocrx_word' id='word_1_206' title='bbox 799 2413 934 2475; x_wconf 92' lang='lat' dir='ltr'>sentiunt</span> <span class='ocrx_word' id='word_1_207' title='bbox 943 2413 992 2475; x_wconf 90' lang='lat' dir='ltr'>alii</span> <span class='ocrx_word' id='word_1_208' title='bbox 1007 2415 1087 2478; x_wconf 88' lang='lat' dir='ltr'>inter</span> <span class='ocrx_word' id='word_1_209' title='bbox 1098 2433 1171 2496; x_wconf 85' lang='lat' dir='ltr'>quos</span> <span class='ocrx_word' id='word_1_210' title='bbox 1214 2411 1215 2414; x_wconf 66' lang='grc'>’</span> 
     </span>
     <span class='ocr_line' id='line_1_26' title="bbox 198 2497 1215 2583; baseline 0.003 -22"><span class='ocrx_word' id='word_1_211' title='bbox 198 2499 297 2578; x_wconf 85' lang='lat' dir='ltr'>Mayol</span> <span class='ocrx_word' id='word_1_212' title='bbox 320 2497 396 2576; x_wconf 92' lang='lat' dir='ltr'>(vide</span> <span class='ocrx_word' id='word_1_213' title='bbox 421 2497 518 2561; x_wconf 76' lang='lat' dir='ltr'>aeaut</span> <span class='ocrx_word' id='word_1_214' title='bbox 539 2497 588 2562; x_wconf 79' lang='lat' dir='ltr'>des</span> <span class='ocrx_word' id='word_1_215' title='bbox 604 2499 744 2576; x_wconf 77' lang='lat' dir='ltr'>arieneos,</span> <span class='ocrx_word' id='word_1_216' title='bbox 766 2506 837 2579; x_wconf 81' lang='lat' dir='ltr'>eto,</span> <span class='ocrx_word' id='word_1_217' title='bbox 861 2499 916 2577; x_wconf 67' lang='lat' dir='ltr'>ib„</span> <span class='ocrx_word' id='word_1_218' title='bbox 937 2521 968 2583; x_wconf 91' lang='lat' dir='ltr'>p.</span> <span class='ocrx_word' id='word_1_219' title='bbox 991 2506 1083 2582; x_wconf 72' lang='lat'><strong>407);</strong></span> <span class='ocrx_word' id='word_1_220' title='bbox 1099 2504 1170 2567; x_wconf 80' lang='lat' dir='ltr'>3⁰in</span> <span class='ocrx_word' id='word_1_221' title='bbox 1214 2551 1215 2578; x_wconf 69' lang='lat'>,</span> 
     </span>
     <span class='ocr_line' id='line_1_27' title="bbox 198 2581 1215 2670; baseline 0.011 -21"><span class='ocrx_word' id='word_1_222' title='bbox 198 2587 291 2650; x_wconf 90' lang='lat' dir='ltr'>dubio</span> <span class='ocrx_word' id='word_1_223' title='bbox 301 2605 339 2649; x_wconf 92' lang='lat' dir='ltr'>an</span> <span class='ocrx_word' id='word_1_224' title='bbox 350 2587 449 2649; x_wconf 91' lang='lat' dir='ltr'>media</span> <span class='ocrx_word' id='word_1_225' title='bbox 457 2595 596 2669; x_wconf 79' lang='lat' dir='ltr'>suspecta</span> <span class='ocrx_word' id='word_1_226' title='bbox 607 2607 678 2652; x_wconf 89' lang='lat' dir='ltr'>suos</span> <span class='ocrx_word' id='word_1_227' title='bbox 688 2588 811 2652; x_wconf 82' lang='lat' dir='ltr'>effeetus</span> <span class='ocrx_word' id='word_1_228' title='bbox 821 2588 990 2670; x_wconf 81' lang='lat' dir='ltr'>producant</span> <span class='ocrx_word' id='word_1_229' title='bbox 1001 2593 1171 2656; x_wconf 89' lang='lat' dir='ltr'>naturaliter</span> <span class='ocrx_word' id='word_1_230' title='bbox 1214 2581 1215 2660; x_wconf 58' lang='lat' dir='ltr'>l</span> 
     </span>
     <span class='ocr_line' id='line_1_28' title="bbox 200 2673 1170 2759; baseline 0.007 -24"><span class='ocrx_word' id='word_1_231' title='bbox 200 2675 245 2736; x_wconf 85' lang='lat' dir='ltr'>uel</span> <span class='ocrx_word' id='word_1_232' title='bbox 267 2693 325 2755; x_wconf 88' lang='lat' dir='ltr'>ope</span> <span class='ocrx_word' id='word_1_233' title='bbox 346 2673 514 2753; x_wconf 87' lang='lat' dir='ltr'>daemonis,</span> <span class='ocrx_word' id='word_1_234' title='bbox 542 2677 567 2738; x_wconf 91' lang='lat' dir='ltr'>si</span> <span class='ocrx_word' id='word_1_235' title='bbox 595 2676 792 2740; x_wconf 86' lang='lat' dir='ltr'>adhibeantur</span> <span class='ocrx_word' id='word_1_236' title='bbox 814 2677 988 2759; x_wconf 88' lang='lat' dir='ltr'>hujusmodi</span> <span class='ocrx_word' id='word_1_237' title='bbox 1018 2681 1118 2744; x_wconf 92' lang='lat' dir='ltr'>media</span> <span class='ocrx_word' id='word_1_238' title='bbox 1138 2699 1170 2742; x_wconf 84' lang='lat' dir='ltr'>ex</span> 
     </span>
     <span class='ocr_line' id='line_1_29' title="bbox 199 2761 1215 2847; baseline 0.01 -24"><span class='ocrx_word' id='word_1_239' title='bbox 199 2761 324 2824; x_wconf 75' lang='lat' dir='ltr'>honeste</span> <span class='ocrx_word' id='word_1_240' title='bbox 337 2769 367 2824; x_wconf 91' lang='lat' dir='ltr'>et</span> <span class='ocrx_word' id='word_1_241' title='bbox 380 2764 461 2843; x_wconf 84' lang='lat' dir='ltr'>gravi</span> <span class='ocrx_word' id='word_1_242' title='bbox 475 2765 567 2826; x_wconf 78' lang='lat' dir='ltr'>eausa</span> <span class='ocrx_word' id='word_1_243' title='bbox 577 2783 648 2827; x_wconf 89' lang='lat' dir='ltr'>oum</span> <span class='ocrx_word' id='word_1_244' title='bbox 660 2766 770 2846; x_wconf 77' lang='lat' dir='ltr'>previa</span> <span class='ocrx_word' id='word_1_245' title='bbox 784 2769 1009 2847; x_wconf 88' lang='lat' dir='ltr'>protestatione,</span> <span class='ocrx_word' id='word_1_246' title='bbox 1020 2787 1084 2832; x_wconf 91' lang='lat' dir='ltr'>non</span> <span class='ocrx_word' id='word_1_247' title='bbox 1098 2769 1171 2832; x_wconf 80' lang='lat' dir='ltr'>ride</span> <span class='ocrx_word' id='word_1_248' title='bbox 1214 2763 1215 2846; x_wconf 74' lang='lat' dir='ltr'>l</span> 
     </span>
     <span class='ocr_line' id='line_1_30' title="bbox 199 2849 1215 2939; baseline 0.012 -29"><span class='ocrx_word' id='word_1_249' title='bbox 199 2855 248 2911; x_wconf 91' lang='lat' dir='ltr'>tur</span> <span class='ocrx_word' id='word_1_250' title='bbox 260 2867 325 2912; x_wconf 89' lang='lat' dir='ltr'>esse</span> <span class='ocrx_word' id='word_1_251' title='bbox 339 2850 442 2930; x_wconf 88' lang='lat' dir='ltr'>eulpa,</span> <span class='ocrx_word' id='word_1_252' title='bbox 465 2853 520 2913; x_wconf 90' lang='lat' dir='ltr'>etsi</span> <span class='ocrx_word' id='word_1_253' title='bbox 542 2851 677 2916; x_wconf 87' lang='lat' dir='ltr'>loturum</span> <span class='ocrx_word' id='word_1_254' title='bbox 699 2855 737 2916; x_wconf 89' lang='lat' dir='ltr'>sit</span> <span class='ocrx_word' id='word_1_255' title='bbox 753 2859 859 2917; x_wconf 89' lang='lat' dir='ltr'>eontra</span> <span class='ocrx_word' id='word_1_256' title='bbox 875 2855 1077 2920; x_wconf 90' lang='lat' dir='ltr'>intentionem</span> <span class='ocrx_word' id='word_1_257' title='bbox 1092 2856 1168 2939; x_wconf 80' lang='lat' dir='ltr'>qudd</span> <span class='ocrx_word' id='word_1_258' title='bbox 1214 2849 1215 2922; x_wconf 81' lang='lat' dir='ltr'>l</span> 
     </span>
     <span class='ocr_line' id='line_1_31' title="bbox 199 2937 1215 3029; baseline 0.009 -29"><span class='ocrx_word' id='word_1_259' title='bbox 199 2937 323 3001; x_wconf 84' lang='lat' dir='ltr'>effeetus</span> <span class='ocrx_word' id='word_1_260' title='bbox 348 2937 424 3001; x_wconf 77' lang='lat' dir='ltr'>forte</span> <span class='ocrx_word' id='word_1_261' title='bbox 447 2940 651 3020; x_wconf 84' lang='lat' dir='ltr'>producantur</span> <span class='ocrx_word' id='word_1_262' title='bbox 665 2941 813 3006; x_wconf 87' lang='lat' dir='ltr'>daemonis</span> <span class='ocrx_word' id='word_1_263' title='bbox 826 2944 1023 3010; x_wconf 87' lang='lat' dir='ltr'>interventu:</span> <span class='ocrx_word' id='word_1_264' title='bbox 1045 2947 1115 3029; x_wconf 86' lang='lat' dir='ltr'>quia</span> <span class='ocrx_word' id='word_1_265' title='bbox 1129 2946 1169 3010; x_wconf 78' lang='lat' dir='ltr'>sir</span> <span class='ocrx_word' id='word_1_266' title='bbox 1214 2973 1215 2982; x_wconf 18' lang='grc' dir='ltr'>ἢ</span> 
     </span>
     <span class='ocr_line' id='line_1_32' title="bbox 199 3026 1215 3116; baseline 0.01 -29"><span class='ocrx_word' id='word_1_267' title='bbox 199 3045 292 3109; x_wconf 80' lang='lat' dir='ltr'>agens</span> <span class='ocrx_word' id='word_1_268' title='bbox 305 3026 397 3089; x_wconf 87' lang='lat' dir='ltr'>utitur</span> <span class='ocrx_word' id='word_1_269' title='bbox 408 3027 477 3106; x_wconf 75' lang='lat' dir='ltr'>Jure</span> <span class='ocrx_word' id='word_1_270' title='bbox 491 3047 546 3092; x_wconf 89' lang='lat' dir='ltr'>suo</span> <span class='ocrx_word' id='word_1_271' title='bbox 559 3028 721 3094; x_wconf 89' lang='lat' dir='ltr'>adhibendi</span> <span class='ocrx_word' id='word_1_272' title='bbox 735 3031 834 3095; x_wconf 86' lang='lat' dir='ltr'>media</span> <span class='ocrx_word' id='word_1_273' title='bbox 848 3033 931 3096; x_wconf 89' lang='lat' dir='ltr'>utilia</span> <span class='ocrx_word' id='word_1_274' title='bbox 941 3035 1066 3116; x_wconf 84' lang='lat' dir='ltr'>quando</span> <span class='ocrx_word' id='word_1_275' title='bbox 1075 3037 1103 3099; x_wconf 90' lang='lat' dir='ltr'>ei</span> <span class='ocrx_word' id='word_1_276' title='bbox 1112 3052 1166 3097; x_wconf 92' lang='lat' dir='ltr'>non</span> <span class='ocrx_word' id='word_1_277' title='bbox 1214 3055 1215 3076; x_wconf 59' lang='lat'>¹</span> 
     </span>
     <span class='ocr_line' id='line_1_33' title="bbox 199 3115 1215 3204; baseline 0.007 -27"><span class='ocrx_word' id='word_1_278' title='bbox 199 3121 315 3178; x_wconf 83' lang='lat' dir='ltr'>constat</span> <span class='ocrx_word' id='word_1_279' title='bbox 336 3115 386 3177; x_wconf 88' lang='lat' dir='ltr'>illa</span> <span class='ocrx_word' id='word_1_280' title='bbox 409 3117 526 3198; x_wconf 90' lang='lat' dir='ltr'>operari</span> <span class='ocrx_word' id='word_1_281' title='bbox 551 3118 699 3182; x_wconf 83' lang='lat' dir='ltr'>daemonis</span> <span class='ocrx_word' id='word_1_282' title='bbox 723 3137 802 3202; x_wconf 82' lang='lat' dir='ltr'>ope3</span> <span class='ocrx_word' id='word_1_283' title='bbox 831 3139 918 3185; x_wconf 87' lang='lat' dir='ltr'>seous</span> <span class='ocrx_word' id='word_1_284' title='bbox 942 3123 1126 3203; x_wconf 88' lang='lat' dir='ltr'>dicendum,</span> <span class='ocrx_word' id='word_1_285' title='bbox 1146 3123 1166 3184; x_wconf 90' lang='lat' dir='ltr'>si</span> <span class='ocrx_word' id='word_1_286' title='bbox 1214 3197 1215 3204; x_wconf 6' lang='grc' dir='ltr'>ἵ</span> 
     </span>
     <span class='ocr_line' id='line_1_34' title="bbox 200 3202 1215 3291; baseline 0.013 -26"><span class='ocrx_word' id='word_1_287' title='bbox 200 3202 371 3284; x_wconf 88' lang='lat' dir='ltr'>hujusmodi</span> <span class='ocrx_word' id='word_1_288' title='bbox 396 3204 494 3268; x_wconf 91' lang='lat' dir='ltr'>media</span> <span class='ocrx_word' id='word_1_289' title='bbox 514 3205 727 3270; x_wconf 88' lang='lat' dir='ltr'>adhiberentur</span> <span class='ocrx_word' id='word_1_290' title='bbox 746 3208 861 3291; x_wconf 89' lang='lat' dir='ltr'>absque</span> <span class='ocrx_word' id='word_1_291' title='bbox 881 3215 972 3274; x_wconf 80' lang='lat' dir='ltr'>oausd</span> <span class='ocrx_word' id='word_1_292' title='bbox 995 3209 1122 3276; x_wconf 78' lang='lat' dir='ltr'>honesta</span> <span class='ocrx_word' id='word_1_293' title='bbox 1142 3219 1168 3273; x_wconf 90' lang='lat' dir='ltr'>et</span> <span class='ocrx_word' id='word_1_294' title='bbox 1214 3275 1215 3278; x_wconf 74' lang='grc'>,</span> 
     </span>
     <span class='ocr_line' id='line_1_35' title="bbox 199 3292 1215 3376; baseline 0.012 -26"><span class='ocrx_word' id='word_1_295' title='bbox 199 3293 279 3371; x_wconf 78' lang='lat' dir='ltr'>gravi</span> <span class='ocrx_word' id='word_1_296' title='bbox 293 3337 301 3366; x_wconf 93' lang='lat'>,</span> <span class='ocrx_word' id='word_1_297' title='bbox 317 3292 362 3353; x_wconf 88' lang='lat' dir='ltr'>vel</span> <span class='ocrx_word' id='word_1_298' title='bbox 376 3292 401 3354; x_wconf 90' lang='lat' dir='ltr'>si</span> <span class='ocrx_word' id='word_1_299' title='bbox 415 3293 691 3374; x_wconf 82' lang='lat' dir='ltr'>probabilissimum</span> <span class='ocrx_word' id='word_1_300' title='bbox 705 3304 781 3358; x_wconf 91' lang='lat' dir='ltr'>esset</span> <span class='ocrx_word' id='word_1_301' title='bbox 792 3298 972 3363; x_wconf 89' lang='lat' dir='ltr'>intervenire</span> <span class='ocrx_word' id='word_1_302' title='bbox 983 3299 1165 3376; x_wconf 69' lang='lat' dir='ltr'>daemoneuu</span> <span class='ocrx_word' id='word_1_303' title='bbox 1214 3299 1215 3376; x_wconf 65' lang='lat'>,</span> 
     </span>
     <span class='ocr_line' id='line_1_36' title="bbox 202 3377 1215 3474; baseline 0.013 -36"><span class='ocrx_word' id='word_1_304' title='bbox 202 3381 229 3437; x_wconf 72' lang='lat'>4⁰</span> <span class='ocrx_word' id='word_1_305' title='bbox 245 3379 297 3458; x_wconf 91' lang='lat' dir='ltr'>qui</span> <span class='ocrx_word' id='word_1_306' title='bbox 312 3377 484 3458; x_wconf 78' lang='lat' dir='ltr'>hujusmodi</span> <span class='ocrx_word' id='word_1_307' title='bbox 499 3380 598 3443; x_wconf 89' lang='lat' dir='ltr'>media</span> <span class='ocrx_word' id='word_1_308' title='bbox 613 3383 757 3447; x_wconf 88' lang='lat' dir='ltr'>adhibent</span> <span class='ocrx_word' id='word_1_309' title='bbox 766 3403 802 3448; x_wconf 90' lang='lat' dir='ltr'>ex</span> <span class='ocrx_word' id='word_1_310' title='bbox 812 3387 980 3469; x_wconf 75' lang='lat' dir='ltr'>ignorantia</span> <span class='ocrx_word' id='word_1_311' title='bbox 989 3395 1100 3468; x_wconf 80' lang='lat' dir='ltr'>crasso,</span> <span class='ocrx_word' id='word_1_312' title='bbox 1112 3409 1166 3453; x_wconf 91' lang='lat' dir='ltr'>non</span> <span class='ocrx_word' id='word_1_313' title='bbox 1214 3411 1215 3474; x_wconf 64' lang='lat' dir='ltr'>p</span> 
     </span>
     <span class='ocr_line' id='line_1_37' title="bbox 199 3463 1215 3560; baseline 0.022 -36"><span class='ocrx_word' id='word_1_314' title='bbox 199 3463 267 3526; x_wconf 89' lang='lat' dir='ltr'>ideo</span> <span class='ocrx_word' id='word_1_315' title='bbox 281 3466 435 3529; x_wconf 91' lang='lat' dir='ltr'>immunes</span> <span class='ocrx_word' id='word_1_316' title='bbox 448 3475 520 3531; x_wconf 90' lang='lat' dir='ltr'>sunt</span> <span class='ocrx_word' id='word_1_317' title='bbox 532 3471 649 3551; x_wconf 77' lang='lat' dir='ltr'>deulpa</span> <span class='ocrx_word' id='word_1_318' title='bbox 663 3473 752 3534; x_wconf 88' lang='lat' dir='ltr'>etiam</span> <span class='ocrx_word' id='word_1_319' title='bbox 763 3477 861 3555; x_wconf 82' lang='lat' dir='ltr'>gravi,</span> <span class='ocrx_word' id='word_1_320' title='bbox 877 3479 1062 3560; x_wconf 74' lang='lat' dir='ltr'>presertim,</span> <span class='ocrx_word' id='word_1_321' title='bbox 1077 3480 1102 3542; x_wconf 89' lang='lat' dir='ltr'>si</span> <span class='ocrx_word' id='word_1_322' title='bbox 1110 3481 1166 3559; x_wconf 85' lang='lat' dir='ltr'>jam</span> <span class='ocrx_word' id='word_1_323' title='bbox 1214 3475 1215 3546; x_wconf 83' lang='lat' dir='ltr'>l</span> 
     </span>
     <span class='ocr_line' id='line_1_38' title="bbox 199 3549 1165 3650; baseline 0.021 -42"><span class='ocrx_word' id='word_1_324' title='bbox 199 3549 310 3613; x_wconf 86' lang='lat' dir='ltr'>luerint</span> <span class='ocrx_word' id='word_1_325' title='bbox 336 3555 454 3618; x_wconf 90' lang='lat' dir='ltr'>moniti.</span> <span class='ocrx_word' id='word_1_326' title='bbox 486 3557 559 3620; x_wconf 87' lang='lat' dir='ltr'>Vide</span> <span class='ocrx_word' id='word_1_327' title='bbox 583 3561 682 3641; x_wconf 81' lang='lat' dir='ltr'>Mayol</span> <span class='ocrx_word' id='word_1_328' title='bbox 707 3561 806 3639; x_wconf 81' lang='lat' dir='ltr'>(Cura.</span> <span class='ocrx_word' id='word_1_329' title='bbox 835 3567 981 3650; x_wconf 73' lang='lat' dir='ltr'>eomplet,</span> <span class='ocrx_word' id='word_1_330' title='bbox 1010 3575 1086 3632; x_wconf 90' lang='lat' dir='ltr'>tom.</span> <span class='ocrx_word' id='word_1_331' title='bbox 1111 3573 1165 3642; x_wconf 87' lang='lat' dir='ltr'>ll,</span> 
     </span>
     <span class='ocr_line' id='line_1_39' title="bbox 199 3636 1164 3733; baseline 0.017 -34"><span class='ocrx_word' id='word_1_332' title='bbox 199 3636 257 3698; x_wconf 77' lang='lat' dir='ltr'>cal.</span> <span class='ocrx_word' id='word_1_333' title='bbox 273 3642 323 3716; x_wconf 74' lang='lat'>90,</span> <span class='ocrx_word' id='word_1_334' title='bbox 338 3643 404 3722; x_wconf 84' lang='lat' dir='ltr'>ar),</span> <span class='ocrx_word' id='word_1_335' title='bbox 415 3649 446 3705; x_wconf 91' lang='lat' dir='ltr'>et</span> <span class='ocrx_word' id='word_1_336' title='bbox 454 3644 738 3713; x_wconf 57' lang='lat' dir='ltr'>rememorante·</span> <span class='ocrx_word' id='word_1_337' title='bbox 747 3652 844 3717; x_wconf 70' lang='lat' dir='ltr'>realta.</span> <span class='ocrx_word' id='word_1_338' title='bbox 856 3653 922 3733; x_wconf 73' lang='lat' dir='ltr'>(ia,</span> <span class='ocrx_word' id='word_1_339' title='bbox 934 3676 966 3726; x_wconf 80' lang='lat' dir='ltr'>p.</span> <span class='ocrx_word' id='word_1_340' title='bbox 976 3659 1040 3720; x_wconf 69' lang='lat'>408</span> <span class='ocrx_word' id='word_1_341' title='bbox 1053 3663 1083 3720; x_wconf 88' lang='lat' dir='ltr'>et</span> <span class='ocrx_word' id='word_1_342' title='bbox 1091 3659 1164 3730; x_wconf 73' lang='lat' dir='ltr'>lod).</span> 
     </span>
    </p>
   </div>
   <div class='ocr_carea' id='block_1_5' title="bbox 0 0 1235 3984">
    <p class='ocr_par' dir='ltr' id='par_1_7' title="bbox 0 0 1235 3984">
     <span class='ocr_line' id='line_1_40' title="bbox 0 0 1235 3984; baseline 0 0"><span class='ocrx_word' id='word_1_343' title='bbox 0 0 1235 3984; x_wconf 95' lang='lat' dir='ltr'> </span> 
     </span>
    </p>
   </div>
  </div>
 </body>
</html>
