2466 4258
302 277 388 328 steen
409 275 544 321 rsnrrus.
569 291 607 304 -
630 273 822 322 urrsunrcus.
994 257 1052 318 725

68 393 357 457 sententiaacuria
384 390 554 473 episcopali
581 389 643 454 lala
673 388 781 466 fuerit,
805 389 978 471 appellatio
1001 387 1053 452 stat

69 485 113 548 ud
136 483 257 545 curiam
282 479 523 562 patriarchalem
540 497 547 553 ;
565 481 589 542 si
607 497 714 541 veroa
737 478 825 541 curia
848 478 1052 560 patriarchali
1093 477 1094 482 ’

70 590 108 635 ea
137 569 298 653 prodierit,
326 568 539 650 appellabitur
563 569 601 630 ad
617 565 648 630 S.
664 565 788 630 Sedam.
819 564 899 628 ltem
915 565 953 628 ad
967 583 1053 629 earn-

70 663 142 724 dem
162 655 193 721 S.
210 657 323 722 Sedere
339 657 510 739 appellatio
520 659 579 719 erit
599 673 723 736 semper
739 653 894 728 iacienda,
931 655 1053 735 quoties

70 749 183 830 primae
198 747 270 810 duae
292 747 454 823 sententiae
480 746 562 807 inter
591 763 623 806 se
639 742 819 807 conformes
848 741 975 820 inerint,
992 745 1053 806 nisi

70 836 218 918 partibus
243 835 395 918 placuerit
411 851 539 897 causam
565 834 605 897 ad
637 833 739 916 ipsam
754 831 787 896 S.
812 830 924 896 Sedem
940 831 980 893 ab
994 832 1051 895 ini·

71 927 118 989 tio
141 935 171 988 et
188 925 370 990 immediate
390 923 528 988 deterre.

426 1189 549 1236 structis
564 1188 700 1246 QUINTUS.

377 1353 417 1413 De
440 1351 569 1414 sectando
592 1351 752 1415 instantio.

115 1553 165 1615 25.
181 1554 273 1614 Facta
288 1549 514 1634 appellatione,
531 1549 706 1632 Episcopus
716 1568 771 1614 seu
785 1550 983 1626 ordinarius,
999 1554 1055 1633 qui

74 1645 214 1724 primam
229 1641 416 1704 sementiam
435 1638 575 1720 protulit,
590 1657 660 1701 eum
676 1641 976 1704 remitteredebcbit
993 1659 1055 1704 una

76 1749 150 1793 curn
167 1731 288 1812 integro
303 1747 461 1810 processu,
487 1729 670 1809 caeterisque
690 1729 841 1792 omnibus
863 1732 902 1793 ad
928 1749 1054 1794 causam

77 1822 192 1884 iterum
205 1819 409 1900 judicandam
429 1817 660 1900 pertinentibus
681 1815 721 1880 ad
743 1817 897 1896 tribunal,
914 1819 953 1882 ad
971 1821 1056 1901 quod

77 1908 274 1991 appellatum
297 1920 365 1972 est.v

118 1998 167 2061 26.
191 1996 257 2060 lloc
271 2003 377 2062 autem
398 1997 506 2060 omnia
521 2015 538 2059 a
554 1997 657 2079 primo
670 1995 824 2060 tribunali
841 2007 966 2078 peracta
987 1997 1058 2060 dili-

76 2097 188 2170 genter
202 2087 408 2163 examinabit,
429 2097 525 2167 atque
538 2105 575 2150 ea
591 2087 699 2150 omnis
712 2097 850 2168 peraget,
868 2104 939 2168 quas
950 2103 1057 2151 neces-

77 2177 365 2242 sariaridebuntur
385 2183 419 2238 ut
434 2175 575 2239 delectus
603 2175 825 2258 suppleantur,
841 2175 937 2238 dubia
959 2173 1058 2238 eluci-

78 2266 212 2345 dantur,
224 2273 254 2328 et
268 2281 389 2348 errores
402 2266 612 2345 corrigantur.
628 2263 718 2328 llunc
733 2264 764 2326 in
787 2265 893 2342 tinem,
906 2279 1058 2346 praesente

77 2373 206 2438 semper
220 2354 341 2418 vinculi
355 2352 520 2417 defensore
533 2356 563 2416 in
578 2354 666 2416 curia
681 2355 853 2418 constituto
868 2353 916 2416 vel
937 2355 1057 2436 specie·

78 2443 316 2524 litardelegato‚
333 2443 487 2524 conjuges
507 2441 977 2522 examinabit,inrsstigationes
991 2444 1058 2507 ins·

78 2535 173 2596 tituet
185 2532 267 2594 circa
292 2531 485 2594 documenta
502 2531 600 2612 priori
615 2529 769 2593 tribunali
788 2529 938 2608 exhibita,
953 2539 1056 2611 testes,

78 2620 232 2700 equibus
256 2637 354 2684 noras
377 2617 617 2682 informationes
643 2617 765 2682 hauriri
784 2621 915 2702 possint,
944 2621 1058 2684 iterum

81 2709 199 2773 audiet.
225 2708 293 2772 lmo
318 2709 433 2789 poterit
445 2709 540 2771 etiam
561 2708 775 2790 praescribere,
801 2715 836 2772 ut
863 2727 964 2773 norus
987 2729 1060 2794 pro-

81 2817 189 2861 cessus
203 2816 240 2861 ex
253 2799 376 2880 integro
393 2797 593 2862 conficiatur.

122 2885 238 2950 Verum
251 2899 408 2968 quatenus
423 2887 657 2952 ralidaedesint
678 2887 818 2952 rationes
839 2907 959 2954 novum
985 2909 1059 2971 pro-

79 2993 207 3041 cessum
230 2975 387 3056 exigendi,
403 2977 580 3039 consultius
596 2975 666 3051 erit,
683 2978 857 3057 praesertim
873 2979 898 3042 si
910 2995 1059 3060 persona-

80 3072 192 3128 rumet
208 3065 351 3128 locorum
362 3063 608 3128 circumstantiae
623 3064 653 3128 id
673 3067 843 3145 suaserint,
856 3075 890 3130 ut
911 3085 1059 3149 processu

79 3155 148 3232 jam
169 3155 294 3232 expleto
311 3163 430 3230 utatur,
447 3153 573 3217 indictis
587 3162 694 3217 tamen
708 3153 914 3218 ulterioribus
928 3156 1057 3217 investi·

82 3241 275 3322 gationibus,
292 3261 371 3326 quas
388 3244 579 3307 necessarias
590 3243 793 3322 judicaverit.

123 3329 211 3404 Quod
228 3331 252 3393 si
272 3350 391 3396 norum
407 3351 589 3415 processum
602 3331 782 3394 laciendum
808 3348 876 3395 esse
891 3337 1059 3407 censuerit,

83 3419 253 3484 methodus
268 3439 363 3504 supra
379 3421 536 3504 descripta
559 3421 714 3484 servanda
730 3421 798 3484 erit.
817 3421 846 3486 Si
864 3439 937 3485 vero
953 3423 1061 3504 aliqua

82 3520 206 3572 tantum
221 3529 302 3572 nova
316 3519 385 3573 acta
400 3510 612 3591 adjungenda,
631 3509 680 3572 vel
704 3511 777 3572 novi
794 3509 914 3592 aliquid
931 3511 1060 3573 inresti-

80 3597 224 3684 gandum
240 3601 410 3678 censuerit,
432 3619 556 3682 semper
576 3611 680 3663 tamen
699 3597 845 3664 dolenses·
865 3602 1059 3665 matrimonii
