2466 4258
302 276 387 322 ursan
407 275 544 322 rrnrrus.
568 291 605 306 -·
628 272 818 319 arsenoitas.
985 253 1043 315 tta

66 394 221 472 iaciendo,
244 394 357 458 autad
383 395 503 477 priores
516 391 657 467 ordines,
679 390 795 472 gradus
815 397 847 453 et
872 387 1043 468 dignitates

66 485 131 546 sire
143 485 279 548 honores
293 483 449 546 restitutio
464 481 679 564 suffragentur
696 505 724 542 s.

106 575 149 635 iix
166 574 226 638 hoe
243 573 374 656 provido
392 572 530 650 decreto,
548 571 580 634 in
602 589 641 634 eo
664 569 752 652 quod
769 567 903 632 retertur
925 569 964 632 ad
986 567 1045 632 cri-

66 664 152 726 mina
167 664 355 727 elericorum
371 683 443 744 quea
453 660 726 742 extrajudicialem
750 657 991 741 suspensionem
1005 659 1045 720 ab

66 754 287 816 ecciesiasticis
310 752 423 839 ciliciis
447 760 621 827 merentur,
638 747 828 831 jamdudum
850 749 881 809 in
904 765 965 811 usu
987 747 1047 809 fuit

66 841 283 923 suspensionis
299 861 392 924 poena
407 861 446 906 ex
461 843 564 905 censis
580 838 710 922 praelato
726 839 828 918 notis3
845 855 917 920 quae
932 854 1047 918 nempe

67 932 155 994 audit
171 932 336 1014 suspensio
352 951 389 994 ex
405 930 576 995 informata
594 927 798 992 conscientia.

108 1021 155 1082 bd
174 1020 233 1083 boe
257 1022 363 1100 itaque
378 1021 459 1083 utin
477 1021 587 1084 eadent
613 1017 798 1097 infligenda,
824 1033 897 1078 cum
923 1016 1046 1097 majori,

69 1129 131 1192 qua
148 1118 249 1190 potest
262 1109 385 1172 cautela
400 1118 432 1174 et
452 1107 795 1184 securitate,0rdinarii
818 1105 1047 1170 catholicarum

70 1201 257 1262 missionum
274 1201 555 1279 procedant,sacra
567 1197 775 1280 congregatio
790 1195 828 1256 de
844 1195 1048 1278 Propaganda

70 1289 145 1352 Fide
175 1299 360 1368 praesentem
386 1291 627 1352 instructionem
657 1285 814 1350 edendam
837 1287 971 1361 censuit,
997 1285 1049 1348 cui

69 1380 165 1443 iidem
181 1377 337 1440 Ordinarii
354 1379 386 1439 in
408 1377 591 1442 adhibendo
607 1377 668 1440 boo
683 1374 932 1461 extraordinario
947 1393 1048 1438 reme·

69 1470 133 1542 dio,
151 1483 220 1531 sese
233 1465 433 1530 conformare
448 1469 619 1530 curabunt.
970 1485 975 1494 ¹

109 1560 133 1620 Ι.
148 1592 187 1603 -
197 1557 368 1636 Suspensio
381 1575 419 1619 er
430 1555 601 1620 informata
617 1554 822 1632 conscientia,
835 1572 897 1638 nlon
914 1573 1003 1618 secus
1014 1571 1050 1616 ac

71 1647 141 1718 illa,
171 1662 243 1722 quae
259 1663 314 1724 per
331 1646 515 1723 J'udiciaiem
537 1645 727 1708 sententiam
754 1643 918 1724 infligitur,
944 1661 1051 1724 perso·

72 1753 147 1799 nam
163 1733 408 1796 ecciesiasticarn
423 1754 440 1795 a
465 1735 530 1798 suis
545 1733 727 1810 ordinibus,
754 1751 806 1794 seu
824 1734 986 1814 gradibus,
1003 1733 1051 1796 rel

72 1819 284 1904 dignitatibus
298 1822 518 1886 ecciesiasticis
533 1822 718 1885 exercendis
734 1821 904 1884 interdicit.

112 1913 149 1976 Ii.
166 1947 205 1958 -
218 1911 251 1972 in
275 1911 336 1974 hoo
351 1913 508 1994 precipue
526 1913 592 1993 ipsa
608 1903 713 1977 differt
726 1929 742 1972 a
755 1909 902 1988 judiciali
919 1927 1052 1992 suspen-

73 1999 173 2080 sione,
188 2002 273 2083 quod
290 2001 460 2064 adhibetur
472 2011 626 2084 tanquam
649 2000 935 2063 extraordinarium
953 2017 1053 2062 reme-

72 2096 163 2159 dium
180 2091 212 2153 in
230 2108 357 2172 poenam
373 2091 501 2154 admissi
517 2089 682 2166 criminis,
702 2089 835 2170 ideoque
850 2087 890 2151 ad
911 2089 1054 2169 ejusdem
1127 2121 1131 2128 ..

74 2179 309 2263 impositionem
324 2197 387 2243 nou
400 2182 610 2262 requiruntur
624 2197 682 2242 neo
700 2177 808 2242 turmae
818 2179 985 2258 judiciales
996 2197 1054 2242 nee

75 2270 238 2336 carronicrs
256 2269 501 2332 admonitiones.
519 2267 600 2332 Satis
619 2269 678 2331 erit
695 2268 840 2349 proinde,
856 2269 881 2330 si
906 2268 1055 2350 preeiatus

75 2363 160 2425 banc
189 2377 314 2442 poenam
337 2359 484 2440 indigens
511 2358 647 2440 simplici
669 2365 776 2420 utatur
801 2368 968 2442 praecepto,
994 2375 1056 2440 quo

74 2449 215 2517 declaret
229 2467 262 2512 se
284 2451 525 2529 suspensionem
555 2447 596 2510 ab
623 2447 772 2510 exercitio
802 2464 964 2510 sacrorum
986 2443 1056 2521 offi-

75 2541 199 2603 ciorum
215 2538 264 2600 vel
280 2537 565 2600 ecclesiasticorum
580 2539 726 2599 munium
742 2535 891 2601 indicere.

119 2628 171 2689 lii.
184 2659 220 2676 -
237 2625 424 2706 Huiusmodi
442 2636 637 2708 praeceptum
654 2644 779 2705 semper
796 2629 827 2688 in
844 2625 968 2708 scriptis
984 2625 1055 2690 inti·

79 2717 232 2781 mendum
254 2725 312 2791 est,
338 2716 391 2778 die
412 2725 442 2778 et
462 2733 572 2778 mense
598 2715 781 2798 designato;
807 2713 953 2798 illudque
984 2715 1057 2779 terri

78 2805 173 2870 debet
189 2805 236 2868 rel
256 2809 297 2869 ab
320 2805 390 2888 ipso
404 2804 581 2880 Ordinatio,
598 2804 647 2866 vei
666 2801 782 2866 ababa
798 2821 932 2886 persona
947 2805 987 2868 de
1001 2823 1058 2868 ex-

79 2913 188 2979 presso
217 2897 316 2977 ipsius
344 2894 503 2958 mandato.
526 2892 560 2956 in
588 2894 699 2956 eadem
721 2901 827 2957 tamen
859 2895 1059 2959 intimatione

78 2987 320 3065 exprimendum
336 2993 394 3063 est,
417 2985 499 3064 quoi
523 2983 679 3066 ejusmodi
709 2985 834 3066 punitio
855 2983 1010 3065 irrogatur
1025 2987 1058 3048 in

80 3078 143 3138 rim
167 3076 339 3138 Tridentini
356 3073 444 3156 (sess.
470 3090 534 3148 xrs,
550 3092 620 3154 cap.
640 3071 669 3146 i,
689 3073 724 3136 de
741 3073 888 3154 Reform.)
910 3093 947 3136 ex
964 3073 1047 3138 infor

81 3171 165 3225 mata
176 3163 381 3237 conscientia,
392 3167 441 3226 vei
457 3183 495 3227 ex
505 3163 610 3228 causis
621 3163 679 3242 ipsi
692 3161 860 3228 Ordinerio
876 3165 969 3228 notis.

124 3249 172 3312 iV.
184 3285 222 3295 -
234 3249 355 3312 Debent
370 3253 497 3335 insuper
513 3253 647 3336 exprimi
666 3261 768 3333 partes
783 3253 923 3315 exercitii
940 3253 1061 3316 ordinis

81 3339 132 3404 vei
148 3336 245 3402 officii
265 3337 304 3400 ed
329 3357 408 3418 quas
422 3343 605 3404 extenditur
627 3343 817 3423 suspensio;
834 3342 919 3423 quod
947 3345 971 3404 si
991 3362 1060 3408 sus·

83 3447 200 3514 pensus
226 3425 412 3492 interdictus
438 3431 478 3492 sit
505 3432 545 3492 ab
570 3429 684 3504 officio,
716 3431 767 3494 cui
795 3432 872 3493 atter
896 3433 928 3494 in
956 3433 1060 3495 locum

83 3519 185 3602 ipsius
204 3518 452 3600 substituendus,
471 3527 596 3600 utputa
625 3535 809 3583 oeconomus
838 3521 871 3582 in
906 3540 980 3584 cura
997 3521 1062 3582 ani·

83 3629 222 3684 marum,
240 3619 316 3672 tune
343 3607 531 3672 substitutus
555 3610 730 3671 mercedem
747 3610 899 3692 percipiet
911 3627 949 3672 ex
976 3609 1062 3672 frue-

899 3713 983 3778 eur·
