2462 3984
426 229 513 276 ursan
532 229 664 278 rannus.
974 214 1032 278 129
1127 299 1130 306 .

81 317 307 402 rubjnremanto.
322 324 365 385 lta
380 323 524 386 Stramler
538 323 604 404 (io,
620 344 650 405 p.
667 325 727 402 99),
745 326 797 406 qui
817 323 887 388 citat
900 325 1033 388 l'errnris

80 411 114 484 (a
125 409 321 490 Renuntiatio,
341 421 373 474 n·
392 415 462 490 30):
485 412 538 475 sed
559 413 692 476 Ferraria
710 413 843 494 loquitur
859 416 976 478 nntium
994 414 1033 478 du

78 495 218 562 hereticis.
234 499 308 563 Vide
322 516 411 583 snpra
423 503 533 584 (3885).

110 589 189 649 biit.
206 589 259 660 Oui
273 595 375 654 autem
389 592 468 653 intra
488 591 699 673 praescriptum
719 591 864 672 temporis
881 593 1031 677 spatium,

77 675 146 754 quod
167 681 329 757 generatim
351 685 396 742 est
418 681 510 743 unius
535 681 666 758 mensis,
691 680 869 743 denuntiare
900 678 1030 760 o'mittit,

77 765 222 828 mortaliter
239 775 362 850 peceat,
385 775 414 832 et
431 769 497 851 ipsu
520 769 598 834 lacto
620 769 725 832 incidit
742 769 773 832 in
791 771 1033 834 excommunion-

75 849 174 916 tionem
198 857 228 918 S.
251 857 389 920 Pontifici
417 865 618 936 reservatam,
642 877 680 921 ax
705 860 830 940 Gregor.
853 861 906 922 XV
930 861 1030 922 const.

78 939 198 1006 Uniocrai
210 945 360 1007 Dornr'nici
378 948 494 1029 gregim
520 951 639 1011 Deerat.
661 949 746 1010 Licet
780 947 939 1010 Alexandri
960 949 1030 1026 Vll;

76 1031 185 1096 bennato
198 1037 228 1097 S.
250 1031 387 1118 Inquisit.
406 1041 445 1099 ιθ
461 1038 559 1099 martii
584 1041 672 1100 intr.
689 1036 748 1100 Sed
767 1034 845 1100 iactit
864 1043 965 1118 postea
979 1037 1033 1100 da·

76 1121 262 1198 nuntiatione,
280 1131 378 1188 cessat
392 1128 551 1188 reservatio
569 1145 607 1188 ex
619 1127 701 1190 dioto
723 1128 850 1189 Decreta
864 1127 896 1188 S.
919 1126 1030 1205 Officii3

76 1207 118 1353 ped
137 1210 167 1271 in
189 1213 290 1276 multis
304 1213 423 1276 casibus
449 1213 538 1278 hodia
561 1215 623 1278 nori
646 1220 744 1298 potest
765 1214 865 1297 urgeri
890 1213 1032 1298 obligatio

93 1300 269 1364 enuntiandi.
412 1309 414 1313 ’
827 1312 833 1330 ‘

108 1389 260 1454 5ιιιι3.-“-6ο
274 1392 424 1456 ordinarii
436 1399 562 1476 possunt
575 1393 666 1456 etiam
680 1393 737 1456 sub
752 1395 841 1475 poent
856 1411 1031 1458 excommu-

77 1473 215 1542 nicationis
234 1482 400 1564 praeoipera
419 1501 474 1564 per
492 1483 687 1546 monitorium
706 1483 862 1564 publicum
882 1483 1033 1546 revelatio·

79 1580 136 1626 nem
147 1577 292 1648 cartorum
308 1571 507 1634 delictorum:
529 1571 582 1634 sed
597 1589 660 1634 non
673 1579 718 1634 est
731 1571 872 1652 obligatio
887 1569 935 1634 itta
954 1590 1033 1634 rere·

77 1649 144 1714 laudi
164 1657 187 1717 si
206 1659 264 1722 sint
280 1661 415 1740 occulta,
431 1679 488 1722 nco
507 1660 612 1723 nociva
629 1657 838 1723 communitati
856 1665 909 1724 aut
928 1662 1031 1738 tertia,

79 1740 175 1806 etiarnsi
187 1749 308 1830 probari
327 1750 441 1831 possint
461 1768 515 1831 per
528 1749 605 1814 duos
617 1755 722 1828 testas,
742 1755 776 1812 ut
798 1748 1031 1830 supradiximus.

79 1829 112 1890 lta
124 1833 151 1892 S.
163 1835 280 1917 Liguor.
299 1838 363 1915 (lib.
378 1844 409 1917 l,
426 1842 459 1901 n⁰
471 1840 553 1920 248).

112 1923 188 1987 5844.
200 1930 246 1988 An
260 1927 335 1990 rard
344 1927 510 2010 Episcopus
519 1924 650 1990 madero
660 1925 755 1988 valeat
768 1931 889 2006 statuta,
903 1946 1033 2011 quorum
1056 1935 1060 1940 ’

83 2004 106 2066 tl
120 2018 187 2074 cada
203 2015 335 2078 erimina
358 2015 413 2098 ipsi
436 2022 536 2078 essent
558 2014 764 2077 denuntianda
782 2015 930 2094 inuidiae,
947 2023 1035 2098 prout

85 2111 105 2154 v·
124 2117 147 2178 g.
160 2103 332 2168 confessarii
353 2103 385 2166 in
405 2123 490 2168 sacro
506 2102 649 2166 tribunali
662 2101 701 2164 ad
717 2103 914 2166 rebellionem
932 2111 1035 2167 contra

81 2190 265 2256 tauctoritatem
279 2193 398 2258 civilem
412 2197 626 2275 praenotatae,
640 2191 714 2253 dicit
729 2191 841 2256 Banad.
853 2195 919 2255 XIV
930 2193 959 2256 id
974 2211 1034 2254 non
1077 2214 1080 2220 ·
1202 2243 1203 2252 ,

81 2289 153 2350 mssa
162 2279 336 2366 Episcopus.
352 2282 427 2344 Vide
441 2283 485 2344 De
500 2281 578 2364 Syn.
594 2281 657 2360 (lib.
675 2284 706 2358 6,
722 2299 789 2362 cap.
807 2285 857 2362 ll,
874 2289 906 2344 ιιο
922 2285 969 2362 13)
983 2330 990 2358 ,
1006 2289 1035 2342 nt

81 2362 204 2432 Stremler
217 2373 286 2450 (Des
301 2372 406 2438 Pcines
418 2369 534 2450 ecclia,
552 2390 582 2452 p.
606 2373 663 2434 ron
678 2381 706 2432 et
722 2373 802 2450 llll).
819 2371 923 2447 Unde,
939 2371 1035 2451 inquit

80 2449 204 2520 Stremler
218 2461 289 2542 (io,
304 2482 334 2542 p.
359 2461 512 2538 rna-134),
531 2477 588 2521 neo
608 2464 751 2520 statutum
766 2459 899 2520 eundern
917 2459 994 2521 ualet
1007 2459 1036 2518 ιιι

80 2542 153 2620 cujus
164 2547 359 2612 denuntiandi
374 2557 473 2612 essunt
491 2547 661 2610 sacerdotes
674 2546 713 2608 ad
726 2548 826 2628 turpia
844 2545 1037 2608 sollicitantes

80 2639 150 2695 extra
159 2654 275 2704 sacrum
290 2638 421 2701 tribunal
436 2644 559 2700 autnon
573 2635 732 2698 occasione
745 2633 955 2696 consessionis.

113 2725 193 2788 bars.
208 2729 332 2802 Quaerit.
347 2729 380 2788 4⁰
394 2726 524 2800 Quinam
539 2726 599 2787 sint
617 2723 742 2787 effeetus
753 2722 905 2806 judicialis
917 2722 1036 2786 danun-

81 2805 213 2878 tintinnis?

114 2901 195 2986 llesp.
210 2909 242 2968 l·
257 2905 359 2984 Quoad
370 2904 514 2987 judicem
529 2902 717 2966 denuntiatio
732 2901 883 2987 judicialis
900 2902 991 2966 allinit
1004 2908 1037 2965 ut

83 2989 201 3056 tencatur
213 3015 250 3059 ex
264 2995 363 3058 officio
377 2993 548 3077 inquirere,
563 3011 739 3074 processum
754 2992 903 3074 incipere,
917 2993 1037 3055 citando

85 3082 108 3136 tl
123 3085 314 3148 examinando
335 3091 437 3161 testas,
459 3089 535 3146 eta:
551 3083 591 3143 ita
605 3087 639 3143 ut
652 3081 675 3144 si
691 3082 822 3164 negligat
843 3099 905 3142 non
919 3082 1038 3142 tantum

85 3179 191 3252 bremt,
204 3175 256 3239 sad
270 3181 407 3237 teneatur
426 3171 464 3234 nd
477 3169 668 3253 syndioetum
688 3177 718 3233 at
730 3172 845 3233 amittat
853 3168 1037 3251 iurisdictio·

86 3271 144 3320 ssent
156 3263 251 3343 quoad
265 3264 347 3326 illam
361 3279 484 3326 oausam
496 3279 503 3322 :
515 3261 556 3322 ita
568 3261 769 3324 communiter
782 3277 819 3322 ax
830 3260 898 3338 jura
912 3274 1037 3319 romano

87 3341 112 3405 in
132 3347 184 3414 buo
209 3353 247 3416 ab
269 3353 403 3416 Eoetesin
424 3349 567 3413 admisso.
588 3350 787 3432 Excipiuntur
809 3352 910 3410 nmen
932 3343 1039 3408 delicta

86 3439 187 3504 unuln
199 3451 232 3506 nt
244 3441 478 3526 supradiximus.

121 3527 147 3587 Si
160 3529 232 3596 tacti
248 3530 477 3594 denuntiatione
496 3547 568 3592 rens
587 3535 633 3591 est
652 3531 810 3608 suspectus
827 3522 865 3588 da
884 3524 974 3608 iuga,
993 3525 1038 3587 rol

89 3627 120 3675 nc
138 3621 218 3684 testes
236 3621 400 3699 subornat,
413 3625 543 3698 terreat,
558 3623 630 3692 ato„
644 3616 743 3696 potest
761 3614 869 3695 ounjici
890 3615 922 3677 in
940 3633 1038 3677 curua
