2526 3988
420 310 504 358 unsa
524 309 656 357 tenuius.

470 475 551 540 ΛΒΤ.
576 476 631 540 Vll.

56 625 90 666 Ab
111 620 422 668 causamentum
441 620 480 667 ΑΒ
493 621 592 669 runnu
606 623 849 672 uccmttsnctrr
863 625 1030 699 Ablollbllllo

448 709 639 758 Pmrtrtslttr.
721 709 726 727 ¹

96 851 187 912 5530.
198 881 240 895 —
257 852 290 911 l·
302 849 348 910 Ex
361 847 451 910 variis
461 848 609 929 capitibus
619 849 697 930 juris
708 849 863 926 canonici,
884 869 956 915 casu
970 871 1032 934 quo

56 937 211 1000 montana
225 941 376 1019 potestas,
396 938 488 1000 etiarn
506 935 643 1018 superior
657 937 803 1016 iustitiam
825 937 1032 1004 administrare

58 1025 242 1107 negligit,atl
255 1023 357 1088 iorum
367 1024 602 1088 ecclesiasticum
612 1031 725 1108 spectat
735 1027 1033 1110 hancnegligentiarn

58 1115 213 1196 supplere.
228 1117 272 1176 lta
285 1115 488 1177 communiter
510 1115 694 1194 canonistas,
718 1121 748 1178 et
765 1115 910 1198 probatur
928 1135 964 1180 ex
978 1119 1034 1181 De·

59 1204 163 1266 cretali
177 1202 264 1266 Licet
278 1205 328 1280 lt),
343 1201 379 1265 de
391 1203 457 1284 soto
469 1211 662 1285 competente,
684 1203 735 1266 ubi
746 1205 850 1268 Innoc.
866 1206 922 1283 lll,
936 1206 1034 1270 irritas

59 1292 256 1356 decernendo
269 1291 382 1354 litteras
395 1295 413 1354 a
427 1294 458 1354 S.
476 1292 554 1355 Sede
567 1294 739 1374 impetratas
753 1313 882 1374 quarum
897 1295 924 1356 vi
938 1313 1034 1359 saecu·

61 1383 141 1444 leros
154 1399 256 1444 cause
264 1397 367 1444 coram
375 1379 529 1460 judicibus
538 1380 744 1444 ecclesiasticis
752 1383 913 1445 tractandae
924 1383 1032 1458 forent,

41 1474 44 1478 '
61 1472 143 1534 banc
156 1470 365 1551 exceptionem
378 1469 538 1551 exprimit:
550 1469 894 1533 odummodoGonsulas
907 1479 937 1534 et
949 1474 1036 1536 Conr-

62 1584 79 1621 r
103 1578 201 1622 mune
211 1559 250 1621 de
264 1577 296 1621 se
308 1558 564 1640 conquerentibus
577 1558 666 1640 (apud
677 1559 797 1622 Curiam
811 1562 989 1640 Romanam)
1003 1563 1035 1624 in

64 1673 78 1709 a
100 1647 219 1729 judicio
232 1647 367 1711 saeonlm
388 1647 528 1710 exibeant
538 1647 659 1726 iustitiae
680 1647 948 1729 complementum.
966 1672 982 1710 o
999 1654 1037 1713 llt

65 1741 191 1820 insuper
205 1738 305 1817 adjicit
320 1756 328 1798 :
347 1759 362 1796 o
376 1735 476 1798 Liceat
488 1741 589 1798 tamen
604 1735 676 1817 ipsis
698 1737 751 1817 qui
765 1737 821 1799 sub
834 1737 940 1800 iisdem
958 1741 1036 1802 Gon-

66 1852 82 1888 r
106 1827 224 1892 sulibus
245 1826 342 1889 taliter
362 1825 502 1887 duxerint
519 1823 780 1902 contendendum,
801 1825 825 1888 si
840 1843 873 1888 sc
890 1827 922 1888 in
936 1828 1043 1910 aliquo

67 1941 81 1976 a
107 1917 257 1980 senserint
277 1913 472 1997 preparati,
492 1912 531 1976 ad
553 1919 638 1976 tuam
660 1914 811 1996 (Episcopi
831 1915 1037 1996 vercellensis)

69 2029 84 2064 a
109 2007 186 2068 sicut
199 2005 344 2067 hactenus
354 2007 503 2066 servatum
518 2007 580 2074 est,
603 2001 649 2063 vel
664 2001 703 2062 ad
722 2011 871 2080 nostram,
886 2005 910 2066 si
928 2006 1038 2068 malue-

71 2117 86 2154 ι
111 2095 170 2155 rint
182 2093 365 2156 audientiam
379 2090 549 2173 appellare3
564 2089 624 2152 boc
637 2089 802 2170 presertim
814 2095 962 2173 temporo,
977 2113 1038 2174 quo

67 2210 83 2244 a
108 2191 232 2246 vacante
245 2180 388 2263 imperio,
403 2179 441 2242 ad
456 2179 590 2260 judicem
612 2177 786 2241 saecularcnr
806 2197 960 2244 recurrere
984 2201 1036 2245 nc-

66 2297 82 2334 n
107 2277 242 2355 queunt,
256 2271 310 2352 qui
324 2272 342 2332 a
354 2268 560 2351 superioribus
574 2267 605 2330 in
621 2270 675 2332 sui
686 2267 802 2347 justitia
813 2269 1036 2352 opprimuntur.

66 2386 82 2422 a
107 2361 226 2424 sivero
248 2357 394 2422 Consules
404 2356 526 2438 justitiae
544 2363 689 2439 tanquam
707 2356 813 2420 meritb
826 2361 958 2440 suspecti
977 2360 1039 2423 fue·

67 2474 83 2507 a
108 2452 173 2512 rint
194 2447 339 2526 recusati,
361 2463 465 2510 coram
487 2445 605 2507 arbitris
626 2445 829 2508 communiter
851 2447 972 2525 electis,
1000 2449 1039 2512 de

68 2563 84 2599 s
108 2540 202 2602 causi
212 2535 393 2618 suspicionis
401 2540 592 2617 agatur‚quae
598 2537 623 2595 si
637 2533 762 2615 probata
772 2533 861 2596 luerit
870 2553 936 2598 esse
946 2537 1038 2616 iusta,

69 2654 83 2688 a
108 2628 147 2692 ad
171 2635 200 2690 te
219 2626 265 2688 rel
280 2623 318 2687 ad
341 2642 397 2686 nos
416 2641 473 2705 pro
488 2623 604 2701 iustitia
621 2627 836 2684 recurratur.»
857 2624 947 2686 Juxta
967 2643 1040 2706 ergo

71 2713 303 2792 pontificemne
318 2713 418 2776 lorum
430 2711 665 2775 ecclesiasticum
679 2711 831 2792 pertinent
843 2714 1039 2777 causaeetiom

69 2805 267 2888 temporales,
281 2803 306 2864 si
323 2801 441 2881 judices
461 2799 619 2864 saeculares
632 2799 740 2862 merito
752 2805 897 2882 tanquam
911 2805 1040 2885 suspecti

70 2901 247 2958 recusentur
277 2891 323 2954 rel
337 2891 362 2954 si
375 2889 520 2970 iustitiam
541 2888 726 2970 postulantes
743 2890 916 2970 opprimant
929 2897 958 2954 et
978 2911 1040 2956 uon

70 2987 107 3046 sit
121 2983 262 3065 superior
273 2978 442 3055 saecularis,
457 2977 496 3040 ad
509 2995 602 3060 quern
621 2977 714 3058 possit
727 2980 841 3040 recurri
855 2999 863 3055 ;
885 2997 956 3058 seu,
979 3001 1041 3044 uno

70 3073 181 3150 verbo,
195 3065 488 3153 quandotsaeculari
502 3071 645 3148 potestate
656 3065 769 3147 justitia
782 3067 910 3130 obtineri
921 3069 1039 3150 nequit:

72 3170 100 3223 ct
113 3167 189 3223 retro
202 3159 270 3221 tatis
281 3156 443 3220 decisionis
455 3161 501 3218 ast
513 3150 596 3236 qubd
610 3154 724 3217 bonum
738 3155 892 3237 spirituale
905 3156 1041 3220 fidelium

72 3249 163 3331 erigit
175 3247 259 3331 quod
273 3245 362 3309 etiam
375 3245 409 3308 iu
421 3244 512 3308 rebus
525 3245 610 3307 merc
618 3244 835 3326 temporalibus
844 3246 959 3325 justitia
972 3247 1042 3328 ipsis

74 3338 214 3401 reddatur
230 3355 239 3399 t
254 3335 306 3398 sed
318 3335 396 3414 baec,
409 3333 603 3416 quantumvis
614 3351 694 3412 vera,
709 3333 748 3396 ad
761 3335 879 3418 praxim
892 3333 982 3397 hodie
994 3353 1041 3400 rc-

73 3427 142 3491 duci
156 3443 221 3489 nou
234 3429 368 3508 possent.

111 3519 203 3582 553¹.
219 3546 260 3563 -
271 3519 304 3578 2·
317 3517 385 3578 Nou
398 3519 519 3589 autem,
540 3513 604 3576 vics
617 3515 722 3593 versi,
743 3514 781 3576 ad
799 3512 975 3577 saecularem
988 3535 1043 3599 po-

74 3611 210 3670 testatem
223 3610 339 3688 spectat
350 3601 541 3666 ecclesiastici
552 3603 664 3682 judicis
678 3601 891 3682 negligentiam
904 3605 1044 3684 supplere

76 3694 106 3756 io
125 3694 227 3758 musis
238 3691 447 3756 ccdesiasticis
462 3699 517 3754 :ut
535 3699 652 3753 constat
672 3690 815 3750 Decretali
832 3689 967 3764 Ormtiter
986 3695 1042 3762 Η,

877 3790 940 3850 pm
