2548 3988
234 326 293 391 310
452 342 589 391 vanuum
607 343 709 392 ronns
728 343 809 391 vnars
830 342 975 392 arrarum.

232 443 291 508 boc
305 464 366 508 non
381 451 425 510 est
434 445 845 510 necessariammmunicatio
856 447 889 510 in
902 445 1032 524 divinis;
1049 465 1137 531 ergo,
1147 455 1202 514 eto

228 535 265 598 ¹3.
281 535 416 616 Lignor„
432 535 484 601 lib.
499 541 530 614 t,
546 547 580 598 ηο
593 539 663 599 202.

273 625 363 686 6556.
386 625 417 686 si
431 627 502 688 verb
522 626 633 704 conjux
656 624 785 687 scienter
802 624 868 686 iniit
884 624 1116 688 matrimonium
1136 647 1203 691 curn

234 714 513 794 excommunicato,
534 715 615 777 certe
635 714 764 796 graviter
780 713 912 796 macerit
927 760 936 791 ‚
951 715 1093 794 quamvis
1113 718 1203 779 valide

233 803 425 866 contraxerit.
443 805 489 865 An
503 807 604 865 autem
618 807 691 864 tunc
704 802 798 884 possit
812 801 891 864 licite
904 803 1202 868 communicare?-

235 891 350 973 Duplex
363 899 409 954 est
422 891 567 954 sententia
581 891 699 972 :prima
711 938 720 968 ,
734 890 819 953 valde
833 890 997 972 probabilis
1011 901 1122 972 negat,
1137 895 1206 975 qnia

235 979 393 1063 praelatum
408 999 475 1062 cap.
491 981 576 1043 Inter
594 979 676 1057 alio,
700 979 800 1042 sollrm
814 977 957 1060 permittit
978 996 1205 1044 communicare

235 1070 376 1148 subjectis
398 1069 591 1131 matrimonio
604 1068 712 1131 eodem
726 1067 817 1131 modo
839 1086 901 1150 quo
920 1074 1061 1149 poterant
1079 1077 1113 1132 et
1124 1076 1206 1134 tene-

236 1157 344 1220 bantur
357 1164 426 1219 ante
445 1158 789 1220 excommunicationem
805 1176 813 1218 z
829 1175 902 1238 ergo
918 1157 942 1218 si
965 1156 1115 1236 subjectio
1137 1179 1206 1222 con-

236 1245 368 1307 trahatur
385 1251 451 1326 post
464 1247 826 1324 excommunicationem,
845 1264 908 1308 non
922 1245 1009 1307 datur
1022 1247 1206 1329 conjugibus

236 1330 357 1395 licentia
365 1335 622 1398 communicandi.
638 1337 804 1414 Praeterea,
819 1352 881 1396 non
899 1341 945 1396 est
963 1352 1088 1415 aequuvn
1104 1343 1138 1398 ut
1157 1339 1207 1420 qui

236 1421 339 1502 inique
358 1424 585 1486 matrimonium
603 1423 699 1502 inivit,
713 1423 852 1486 violando
866 1440 1042 1502 censuram,
1057 1421 1208 1489 eximatur

237 1507 274 1570 ab
291 1510 473 1592 obligatione
486 1511 660 1593 huiusmodi
676 1529 834 1575 censuram
853 1511 1000 1573 servandi.
1016 1545 1057 1559 -
1070 1511 1207 1576 Secundo

236 1603 336 1666 tarnan
354 1601 521 1679 sententia,
541 1620 609 1683 quaa
627 1601 789 1684 probabilis
807 1600 933 1662 habetur
951 1602 970 1662 la
988 1601 1021 1664 S.
1045 1601 1206 1682 biguorio,

236 1683 308 1747 dicit
321 1685 476 1769 praefatum
494 1692 656 1772 conjugem
675 1709 764 1771 posse
781 1691 1024 1768 communicare,
1047 1693 1120 1773 quia
1137 1714 1207 1777 cap.

238 1773 379 1849 Quoniam
391 1778 508 1858 multos,
523 1782 682 1858 consult,
698 1799 729 1862 q.
746 1783 781 1857 3,
798 1778 968 1842 indistincte
981 1781 1122 1843 concedit
1133 1784 1209 1846 sub-

233 1865 320 1943 jectis
341 1864 510 1930 facultatem
525 1869 786 1946 communicandi;
808 1885 865 1930 neo
884 1868 956 1931 huic
974 1869 1064 1931 verba
1081 1871 1208 1952 capituli

237 1953 402 2018 lateralia
425 1957 505 2020 clare
527 1957 731 2020 adversantur.
752 1989 793 2004 -
812 1959 874 2020 Neo
894 1957 984 2020 etiam
1003 1957 1101 2020 obstat
1122 1962 1209 2042 quod

237 2061 327 2106 nemo
341 2047 435 2128 possit
450 2065 482 2109 se
502 2045 635 2128 obligare
649 2046 687 2108 ad
703 2046 858 2124 illicitum,
874 2052 964 2128 prout
977 2048 1210 2114 communicare

236 2152 307 2197 cum
321 2139 594 2212 excommunicato,
607 2137 677 2216 quia
693 2135 751 2198 hoc
764 2135 857 2198 currit
870 2134 992 2217 qnando
1010 2136 1079 2218 quis
1091 2136 1210 2202 directe

236 2241 269 2284 se
282 2224 394 2304 obligat
410 2223 448 2285 ad
467 2224 755 2286 communicandum
764 2245 772 2301 ;
789 2243 850 2287 non
864 2225 935 2288 vero
955 2224 1077 2306 quando
1089 2227 1164 2307 quis
1178 2247 1210 2292 se

235 2309 379 2373 indirecte
399 2311 510 2391 obligat
526 2313 642 2374 ratione
660 2317 840 2376 contractus.
863 2313 949 2385 Quod
971 2313 1019 2375 bic
1038 2313 1151 2376 dicitur
1172 2317 1210 2380 de

236 2401 432 2482 conjugibus,
448 2401 561 2483 praelati
576 2404 638 2464 Db.
658 2400 762 2464 dicunt
780 2403 870 2464 etiam
888 2401 1010 2465 delitiis
1027 2411 1057 2465 et
1070 2402 1207 2468 famulis.

236 2489 278 2568 (S.
289 2489 424 2572 Lignum,
440 2491 492 2554 lib.
508 2497 542 2564 l,
559 2491 690 2571 mbob.)

276 2583 366 2644 6557.
382 2617 421 2628 -
435 2583 466 2644 3ο
490 2581 635 2661 Humile,
652 2581 683 2644 id
705 2587 750 2644 est
770 2580 801 2642 in
820 2598 893 2643 casu
913 2579 1124 2662 subiectionis,
1145 2589 1210 2666 qut

235 2669 350 2732 ratione
372 2673 598 2734 communicare
623 2675 766 2752 possunt,
788 2669 892 2732 saltem
915 2669 1126 2750 probabiliter,
1152 2673 1210 2736 lilii

235 2757 325 2819 etiam
339 2761 534 2842 emancipati;
557 2761 627 2823 item
643 2759 696 2821 lilii
710 2758 857 2840 adoptivi,
878 2759 940 2820 imo
953 2759 1043 2822 etiam
1057 2767 1208 2842 nepotes,

235 2855 436 2928 pronepotes,
450 2850 526 2912 etin
549 2849 655 2912 eodem
671 2847 767 2930 gradu
788 2847 911 2925 affines,
926 2853 962 2910 ut
983 2865 1097 2926 nurus,
1113 2851 1209 2932 privi-

235 2953 315 3016 gne3
329 2935 400 2998 item
420 2937 496 3000 servi
517 2944 547 3000 et
568 2937 706 3015 ancillae,
727 2937 752 2999 si
772 2943 841 2998 ante
858 2937 1206 3002 excommunicationem

235 3024 345 3088 fuerint
365 3025 397 3087 in
415 3026 533 3089 servitio
554 3030 630 3109 (cap.
647 3026 789 3102 Orontem
807 3023 898 3087 modo
919 3025 1036 3104 citato);
1057 3027 1131 3088 item
1145 3032 1205 3091 mi·

235 3112 299 3178 lites
313 3133 385 3179 curn
404 3114 482 3178 duce
499 3115 778 3191 excommunicato,
794 3132 856 3176 non
876 3121 977 3176 autem
995 3114 1111 3176 vassalli
1131 3135 1206 3180 curn

235 3223 290 3268 suo
303 3205 428 3268 domino
440 3252 448 3282 ,
459 3205 517 3267 uisi
530 3204 630 3288 quoad
644 3204 826 3266 solutionem
839 3203 1038 3266 tributorum:
1054 3202 1108 3265 sed
1123 3209 1205 3288 saepe

234 3294 333 3376 quoad
356 3295 428 3357 istos
450 3293 531 3357 licita
550 3293 583 3356 tit
604 3293 839 3357 communicatio
863 3293 978 3354 ratione
1000 3293 1204 3366 necessitatis.

234 3383 280 3447 vel
300 3383 452 3460 utilitatis;
486 3385 557 3446 item
579 3383 710 3465 religiosi
733 3387 858 3464 possunt
881 3379 1107 3444 communicare
1131 3403 1205 3447 curn

234 3472 553 3554 suisPraelatis,quoad
562 3471 867 3535 communicationem
876 3469 1205 3551 quaeabhabitantibus

234 3559 267 3619 in
280 3559 385 3622 eadem
399 3561 512 3624 familia
519 3561 604 3624 vitari
617 3561 732 3644 nequit.

274 3647 331 3706 Per
343 3665 376 3708 se
388 3647 494 3711 tantuli
506 3648 756 3712 exeommunicati
771 3665 833 3708 non
846 3654 973 3729 possunt
986 3648 1065 3712 inter
1078 3668 1111 3713 se
1125 3653 1206 3716 invi-

234 3745 302 3790 cem
316 3735 541 3797 communicare
556 3753 565 3796 a
581 3741 707 3814 possum
717 3740 818 3797 tamen
827 3753 881 3814 per
894 3736 1035 3800 accidens
1047 3782 1055 3814 ,
1066 3739 1104 3801 eo
1118 3741 1206 3819 qaod
