2462 3984
219 159 275 217 t3-2
434 169 572 230 tinnulus
592 166 692 230 rouos
712 169 794 214 sonis
815 165 964 213 cenorum.

215 265 362 350 generalis
376 265 470 347 possit
483 265 548 328 sieri
565 284 627 328 non
641 265 741 327 solum
754 267 878 346 paterne
892 264 944 327 sed
958 263 1050 326 etiam
1061 259 1183 343 judicia·

215 358 296 433 liter,
316 355 453 437 quamvis
466 354 631 431 ordinarie,
655 355 820 436 praesertim
842 353 923 436 apud
941 352 1112 434 regulares,
1129 352 1185 412 imo

215 448 303 508 etiam
328 463 381 526 per
406 443 571 524 Episcopus
603 443 695 505 soleat
722 443 787 505 lieri
804 437 926 506 'tantum
958 442 1095 524 paterne.
1117 440 1187 502 Vide

217 535 383 610 uniuerso,
404 532 485 613 apud
500 533 595 613 Bouix
609 533 663 608 (De
677 531 882 603 Jodr'o.,'tom.
899 537 935 606 Ξ,
952 551 980 612 p.
1002 530 1070 609 95).
1086 531 1123 592 Et
1137 530 1188 591 hoo

199 643 202 648 ·
218 621 339 704 quidem
355 622 469 704 absque
483 621 592 703 presit
606 620 744 695 infamio,
761 621 785 682 si
804 627 909 702 agatur
923 620 961 684 de
973 622 1037 682 tote
1050 619 1186 695 dioeoesi‚

219 719 270 776 eut
284 719 345 772 toto
359 710 485 778 ordine,
502 729 563 771 non
577 711 648 772 vero
662 709 700 772 de
716 709 817 790 aliquo
831 711 1048 772 communitate
1063 717 1117 772 aut
1130 727 1187 770 mo-

219 800 366 863 nasterio:
383 801 455 881 quia
469 799 500 859 in
520 800 577 860 isto
589 817 677 874 casu,
694 799 896 860 communitas
910 799 959 860 illa
973 805 1025 861 out
1044 807 1187 862 monaste·

156 929 157 934 κ
219 890 299 952 rium
314 890 345 950 in
356 887 559 969 suspicionem
572 886 782 950 adduceretur.
795 921 833 932 -
844 887 1031 950 Probabilius
1041 895 1189 950 esttamen

221 967 333 1059 requiri
349 975 460 1040 indicia
474 975 512 1038 de
527 975 648 1058 patratis
660 975 794 1055 delictis,
816 983 849 1038 ut
863 977 1035 1046 instituatur
1050 976 1190 1059 generalis

222 1067 376 1148 inquisitio
385 1064 514 1146 juridica
528 1112 536 1141 ,
552 1071 582 1126 et
594 1058 669 1126 tunc
679 1063 822 1126 monendi
835 1073 906 1128 sunt
916 1065 1026 1128 subditi
1041 1069 1097 1148 qui
1112 1067 1191 1128 inter-

222 1163 384 1236 rogantur,
413 1153 494 1234 quod
521 1152 700 1234 procedatur
725 1153 907 1234 judicialiter
929 1161 959 1217 et
987 1175 1051 1218 non
1075 1155 1191 1239 poterut

222 1245 368 1304 tantum:
398 1241 547 1322 siquidem
570 1249 659 1304 testes
688 1249 814 1324 possunt
833 1243 879 1306 vel
899 1251 1041 1308 tenentur
1068 1247 1191 1308 revelare

222 1332 341 1410 delicta,
358 1331 443 1393 aliter
457 1330 481 1392 si
493 1333 617 1412 paterne
628 1331 719 1412 qutun
732 1333 756 1394 si
767 1331 947 1412 judicialiter
960 1334 1157 1416 procedatur:
1169 1337 1190 1394 in

225 1423 281 1484 isto
295 1422 377 1482 enim
387 1440 459 1484 casu
470 1468 477 1497 ‚
488 1420 598 1482 subditi
609 1421 784 1502 interrogati
797 1439 859 1485 non
873 1423 971 1485 solum
986 1443 1049 1486 non
1060 1434 1192 1487 tenentur

223 1511 333 1572 delicta
344 1509 649 1588 occultajudicialiter
659 1510 809 1589 revelare,
825 1510 849 1573 si
864 1509 987 1574 infamia
1000 1531 1066 1586 non,
1078 1533 1193 1595 praeces

225 1599 295 1660 serit
308 1598 375 1676 (nisi
391 1597 512 1679 aliquod
526 1598 640 1660 malum
655 1599 808 1680 spirituale
822 1599 868 1662 vel
884 1601 1049 1682 temporale
1064 1605 1193 1684 nequiret

225 1687 309 1748 aliter
325 1687 486 1748 commode
500 1687 611 1748 averti:
631 1690 662 1750 S.
678 1688 756 1768 Lig.‚
773 1687 825 1749 lib.
841 1693 871 1766 7,
889 1697 922 1750 n⁶
935 1693 1016 1768 art),
1032 1691 1107 1766 sed,
1121 1694 1193 1772 justa

226 1775 288 1838 lere
302 1794 499 1839 communem
514 1778 576 1837 lto.
592 1782 784 1854 sententiam,
799 1797 868 1859 que
885 1797 953 1840 vera
969 1786 998 1840 et
1013 1781 1147 1843 tenenda
1160 1782 1192 1842 ii-

226 1865 314 1928 detur
328 1869 433 1946 (5837,
453 1868 561 1944 5843),
579 1864 695 1927 etiamsi
715 1865 830 1929 crimen
845 1866 963 1948 probari
983 1875 1104 1949 posset,
1120 1871 1193 1932 illici·

229 1960 292 2017 tum
307 1961 384 2018 esset
404 1953 579 2034 hujusmodi
601 1953 709 2017 delicta
729 1955 885 2018 revelare:
907 1955 989 2019 unde
1007 1959 1095 2020 testis
1111 1967 1193 2041 potet

201 2067 204 2073 ·
229 2048 299 2108 tuno
314 2043 497 2126 respondere
520 2061 591 2107 cum
612 2043 798 2106 restrictione
817 2045 937 2106 mentali
951 2092 959 2122 ,
974 2066 1003 2108 se
1017 2047 1143 2111 nescire.
1162 2052 1194 2109 lto

229 2131 442 2215 Lessius'apud
459 2133 554 2194 Bouix
570 2132 640 2212 (io,
656 2152 687 2212 p.
703 2136 763 2210 96).

270 2224 345 2283 Casu
360 2224 431 2283 verd
445 2240 506 2302 quo
528 2221 674 2301 generalis
693 2221 846 2303 inquisitio
867 2224 992 2303 paterne
1007 2224 1059 2303 nt,
1081 2233 1195 2308 possunt

230 2310 353 2391 quidem
377 2309 487 2371 subditi
508 2309 616 2371 delicta
638 2311 728 2370 etiam
748 2309 866 2373 occulta
884 2312 1031 2394 revelare,
1055 2322 1090 2377 ut
1109 2315 1195 2377 delin-

231 2405 357 2480 quentes
370 2397 590 2477 emendentur,
606 2397 657 2459 sed
670 2397 708 2459 ad
722 2398 779 2461 hoc
793 2417 855 2460 non
870 2405 1012 2464 tenentur
1025 2403 1086 2466 nisi
1100 2405 1131 2467 in
1144 2405 1197 2486 qui-

231 2487 535 2554 busdamcasibusut
548 2506 649 2570 supra.
666 2489 720 2550 Jus
735 2505 806 2570 ergo
821 2487 930 2550 subditi
944 2489 1055 2554 hebere
1069 2495 1197 2557 videntur

232 2583 264 2638 ut
278 2577 415 2659 superior
433 2596 485 2640 eos
505 2583 690 2659 praemoneat
703 2595 742 2638 an
758 2576 908 2656 judicialis
922 2579 967 2640 vel
987 2588 1114 2661 paterna
1127 2583 1198 2646 don·

234 2673 312 2726 tamn
325 2666 364 2726 sil
383 2667 531 2747 generalis
552 2665 715 2748 inquisitio.
738 2665 815 2728 Vide
834 2665 931 2730 Bouix
949 2667 1016 2751 tit„
1040 2691 1073 2754 p.
1091 2655 1161 2754 ’9Ί);
1175 2679 1197 2734 et

234 2754 377 2815 Stremler
391 2755 460 2832 (Des
469 2754 573 2816 Prinos
586 2753 698 2832 eccles,
713 2773 745 2836 p.
763 2758 842 2833 too).

274 2844 359 2904 Circe
373 2843 599 2924 inquisitionem
614 2842 786 2924 generalem
799 2843 867 2906 vide
886 2844 965 2909 diota
980 2865 1073 2931 supra
1087 2849 1127 2914 de
1139 2850 1196 2914 visi·

233 2933 346 2995 tatione
360 2931 528 3013 Episcopali
543 2935 710 3012 (sor-918).

274 3023 365 3083 5854.
390 3023 411 3080 Α
429 3021 562 3103 generali
582 3021 776 3103 inquisitione
794 3025 932 3104 superior
955 3031 1052 3109 potest
1072 3030 1197 3112 quando·

236 3129 295 3193 que
310 3111 437 3172 transire
451 3110 489 3172 ad
504 3109 666 3191 specialem
683 3129 691 3172 r
708 3129 778 3173 nam
796 3115 972 3196 contingere
987 3123 1084 3198 potest
1105 3126 1138 3182 ut
1154 3117 1197 3180 de·

237 3200 413 3263 nuntientur
422 3199 633 3280 delinquentes
648 3220 656 3262 ι
672 3202 762 3282 porrd
777 3209 881 3264 eontra
892 3205 966 3267 'illos
984 3207 1123 3288 superior
1141 3225 1196 3289 spe·

236 3289 303 3352 ciali
323 3287 517 3370 inquisitione
526 3287 660 3367 J'udieiali
676 3291 785 3370 poterit
799 3292 979 3373 procedere,
1000 3295 1023 3358 si
1039 3295 1078 3358 de
1090 3295 1196 3360 illorum

238 3377 335 3441 existit
345 3377 424 3440 lama
433 3376 688 3458 publica,etiamsi
697 3378 753 3459 ipsi
764 3381 889 3463 utputrr'
896 3382 1064 3448 denuntiati
1073 3385 1195 3458 luissent

238 3468 262 3526 si
276 3467 347 3527 vero
357 3465 467 3528 occulti
481 3464 692 3546 delinquentes
706 3469 816 3532 luerint
829 3469 1011 3554 denuntiati,
1026 3475 1073 3538 vel
1090 3475 1196 3540 denun-

240 3552 322 3614 tiatio
341 3552 395 3616 luit
412 3553 579 3634 eoonqelico
602 3553 647 3616 vel
663 3553 813 3631 iudicialis
832 3578 838 3617 :
862 3561 886 3621 si
901 3563 1005 3642 prius,
1030 3582 1093 3628 non
1113 3571 1197 3648 potest
