2466 4258
361 685 768 776 APPENDIGES

388 920 394 929 ·
485 913 669 963 *eev-

447 1183 640 1250 APPENDIX
685 1184 709 1248 l.

88 1357 265 1434 rusrnucmo
285 1383 343 1432 eno
365 1383 599 1432 ecccssmsrtcrs
628 1383 725 1432 conns
750 1381 851 1438 quoru
872 1381 976 1432 tronum
997 1383 1070 1432 rno-

128 1476 254 1522 crorum
277 1473 460 1522 mcouonrcu
487 1474 519 1520 ru
547 1471 647 1520 crusis
675 1471 927 1522 nrsurrururamus
949 1474 986 1522 ar
1006 1471 1071 1520 onr-

129 1565 289 1613 rrmrumus
310 1563 510 1610 cuanrconuu.
1034 1551 1043 1574 ⁸

475 1679 523 1740 (ld
538 1694 593 1745 paq.
609 1679 675 1739 tetri

124 1853 182 1904 lltec
205 1849 339 1902 instructio
356 1848 424 1899 edita
443 1863 459 1899 a
476 1849 499 1899 S.
528 1849 553 1898 G.
574 1847 751 1912 Episcoporum
766 1852 791 1900 et
814 1852 976 1916 Regularium
1000 1868 1074 1917 snper

93 1931 175 1979 causis
187 1925 333 1976 ,clericorum
347 1925 372 1971 ei
385 1921 415 1970 sd
431 1920 515 1972 Curias
528 1920 684 1984 episcopales
705 1921 784 1970 ltaliae
804 1922 898 1973 directa
914 1929 968 1987 est;
984 1925 1074 1977 deinde

92 2001 250 2124 3:335&
265 1996 297 2046 ad
311 1993 397 2045 Curias
414 1991 502 2044 certic
517 2006 561 2056 per
572 1995 703 2043 Decretum
718 1992 831 2056 eiusdem
844 1993 874 2046 S.
892 1993 919 2046 G.
934 1995 985 2046 diei
998 1995 1075 2062 idja-

135 2250 190 2312 llie
206 2249 239 2311 ll
256 2247 341 2310 iunii
359 2245 448 2309 ⁴880.

134 2339 228 2404 Sacra
246 2339 313 2400 haec
329 2337 389 2399 llll.
406 2347 435 2399 et
463 2333 523 2400 lili.
543 2333 765 2416 Gongrcgatio‚
780 2344 905 2401 mature
926 2339 1075 2420 praesenti

94 2429 242 2494 Ecclesiae
258 2429 441 2490 contitione
455 2427 623 2508 perpensa,
647 2443 719 2506 quer
740 2444 821 2507 pene
843 2427 961 2508 ubique
977 2429 1077 2511 impe·

94 2521 192 2592 ditur,
204 2516 548 2600 quominuserternam
563 2513 699 2592 explicet
710 2533 799 2578 suam
814 2517 971 2580 actionem
981 2536 1076 2600 super

97 2609 243 2672 materias
259 2614 289 2667 et
309 2621 459 2686 personas
478 2603 719 2680 ecclesiasticas,
736 2615 766 2666 et
781 2605 980 2670 considerato
997 2627 1079 2689 quo·

97 2717 159 2778 que
174 2696 298 2760 deiectu
320 2692 498 2756 mediorum
524 2703 670 2774 aptorum
688 2711 747 2775 pro
760 2694 896 2773 regulari
910 2695 1078 2762 Curiorum

96 2785 307 2858 ordinatione,
336 2782 502 2846 constituit
531 2781 714 2845 facultatem
738 2783 913 2849 ordinariis
934 2785 1078 2850 locorum

96 2891 243 2955 expresse
262 2872 446 2945 concedere,
461 2878 497 2936 ut
511 2870 629 2934 formas
645 2873 744 2954 magis
758 2877 969 2939 oeconomicus
985 2874 1079 2939 adhi-

96 2963 171 3028 bere
184 2961 309 3025 valcant
326 2962 357 3024 in
380 2960 528 3023 exercitio
545 2977 610 3023 suta
624 2961 1079 3045 disciplinarisjurisdictionis

96 3071 192 3136 super
203 3051 341 3114 Clericis.
355 3049 394 3114 Ul
404 3059 510 3113 autem
527 3057 590 3112 tota
601 3049 733 3128 justitrae
749 3053 828 3114 ratio
839 3059 921 3114 sarta
934 3063 1080 3133 tectaque

97 3155 234 3216 mancat,
263 3159 468 3221 serveturque
487 3158 692 3223 processuum
716 3141 869 3204 canonica
892 3142 1079 3222 regularitas

98 3241 129 3292 ct
142 3230 355 3306 uniformitas,
372 3241 589 3312 opportunum
603 3230 727 3292 censuit
747 3240 916 3312 sequentes
930 3249 1080 3294 emanare

98 3317 239 3393 normas,
256 3337 273 3379 a
289 3317 390 3381 Curiis
406 3319 588 3382 servandas.

142 3409 225 3470 1.-
245 3405 410 3471 Ordinatio
425 3409 581 3488 pastorale
600 3427 682 3474 onus
706 3409 1079 3493 incumbitdisciplinam

98 3499 392 3580 correctionemque
418 3496 612 3560 clericorum
637 3517 655 3561 a
681 3519 715 3562 se
744 3499 993 3581 dependentium
1026 3519 1080 3564 cu·

98 3590 204 3664 randi,
221 3605 317 3670 super
328 3586 515 3650 eorumdem
527 3587 597 3650 vitre
611 3589 768 3652 rationem
782 3589 955 3672 vigilando,
976 3607 1078 3652 reme·
