2504 3990
290 201 355 292 sou
758 239 818 290 aaa
1015 243 1061 294 roa

84 336 221 406 parochiam
241 353 287 388 suo
309 343 405 389 rectore
427 335 556 400 orbatam,
583 338 740 391 admiscenda
760 341 785 392 in
803 342 925 396 sacrificia
942 345 1022 396 missas
1038 352 1063 397 at

84 417 151 469 1514.
163 416 223 467 tide
235 415 419 468 concessamus.
584 419 609 468 in
627 419 734 486 quanam
747 425 899 488 quantitate,
912 425 1061 476 3386-8364.

112 499 401 547 444444441444414444.
413 495 500 556 Quoad
509 495 560 546 las·
585 499 662 560 Quale
674 499 706 550 sit
715 507 843 567 peccatum
856 503 955 555 4144444
967 505 1063 572 444444

85 576 154 628 tituta
182 572 298 640 religiosa
309 589 328 636 ‚¹
341 574 400 641 quid
425 575 560 640 importet,
586 578 756 646 purificatione
768 580 868 644 asticis,
881 583 950 635 8466.

83 655 152 708 4544.
165 653 309 721 Requiritur
320 653 464 720 approbatio
474 653 500 706 S.
514 655 562 706 Se·
617 661 683 718 4444
695 673 869 714 autumem.—
875 666 911 714 An
922 679 982 716 usus
995 679 1064 725 aquas

85 735 121 786 dia
144 749 187 800 pro
210 732 364 784 instituendo
383 748 447 785 noso
472 733 562 786 Ordine
588 739 722 802 benedictas
735 740 909 809 sitantiquus‚
922 743 993 796 4460.
1006 744 1064 804 Quis

83 814 212 880 religioso,
231 812 473 865 454441444444)
491 817 562 881 poeni
587 821 656 872 color
674 820 706 872 sit
729 821 883 875 adhibendus
902 824 927 875 in
946 825 1066 877 benedic·-

86 892 314 954 astutissimam.
340 893 396 945 idaco
419 895 562 961 approbatio
588 901 655 953 tione
678 918 747 970 aqua
772 909 829 956 ants
852 905 970 966 missam,
994 907 1063 960 tt80.

86 982 122 1030 est
134 973 270 1026 necessaria
278 972 351 1024 etiam
364 988 408 1039 pro
420 973 563 1040 (44444444-
588 979 749 1040 Quandonsm
762 983 794 1033 sit
804 983 914 1036 facienda
927 985 1065 1038 benedictio

87 1055 193 1106 tionibus
225 1052 358 1119 impropria
395 1053 481 1114 dictis,
514 1069 563 1104 non
589 1075 673 1126 aqum,
691 1065 715 1112 et
735 1077 784 1128 quo
804 1063 829 1114 in
847 1063 919 1125 loco,
939 1064 1010 1116 4484.
1029 1065 1065 1116 dn

87 1140 167 1186 444444
175 1145 220 1198 pro
228 1131 484 1193 confraterniitfibttsss
492 1131 562 1183 2526·
589 1140 787 1205 possitadhiberi
799 1143 834 1194 sal
851 1154 921 1194 antas
941 1143 1065 1197 exorciza·

88 1219 129 1270 Est
138 1211 274 1266 necessaria
283 1212 356 1263 etiam
365 1228 408 1278 pro
417 1229 480 1264 novo
490 1213 563 1264 modo
589 1226 655 1283 mm,
673 1221 743 1274 4445,
758 1223 920 1283 Quandonam
933 1225 964 1275 sii
977 1225 1066 1276 sapien.

88 1292 563 1359 44444444444434444444444414444,
589 1300 619 1352 da
631 1301 740 1368 aspersio
759 1317 829 1369 aquae
847 1303 999 1366 benedicam,
1013 1311 1038 1356 et
1053 1305 1066 1356 4
1099 1359 1101 1366 ¹

87 1373 156 1424 4544.
169 1372 217 1424 844
231 1371 284 1422 haee
297 1371 335 1422 lex
347 1377 385 1422 est
396 1371 471 1423 hodie
483 1371 565 1424 nodi·
589 1397 639 1448 quo
650 1381 682 1432 sit
691 1381 801 1434 44444444
812 1423 818 1444 ,
831 1384 900 1436 4436.
915 1385 1066 1446 Quibusnam
1133 1409 1136 1416 ·

88 1450 565 1519 44414,4444444444444444404444-
590 1463 737 1528 paramentis
764 1463 866 1534 indutus
893 1479 948 1518 esse
979 1465 1068 1517 debeat

88 1532 156 1596 copi.
172 1531 242 1582 8548.
253 1531 289 1581 bn
299 1530 492 1582 Constitutiones
505 1531 565 1584 reli·
590 1542 704 1594 sacerdos
720 1545 887 1610 aspersionem
907 1561 977 1613 aquas
994 1561 1068 1613 pera-

89 1614 162 1681 444444
176 1612 271 1678 possint
288 1611 377 1662 mutari
390 1613 489 1680 quaudo
509 1613 565 1664 444-
589 1636 665 1686 gens,
689 1621 758 1673 4484.
780 1623 910 1684 Quomodo
933 1625 1013 1677 danda
1036 1627 1068 1676 sit

89 1697 145 1744 runt
167 1691 221 1742 48.
239 1689 303 1742 Sede
322 1691 475 1756 approbata,
493 1692 564 1744 4549.
590 1715 653 1765 aqua
673 1699 816 1762 benedicta,
830 1704 899 1755 4484.
914 1706 968 1765 Quo
982 1706 1068 1758 ordine

88 1770 172 1834 Qualis
184 1769 273 1822 debeat
284 1785 339 1821 4444
354 1771 380 1822 S.
392 1770 462 1822 Sedis
475 1785 566 1838 appro·
590 1779 639 1829 sint
650 1781 796 1847 aspergendi
808 1783 938 1850 principes,
952 1786 1020 1838 4488.
1031 1787 1067 1837 dn

89 1849 155 1900 444440
171 1847 197 1898 in
209 1847 363 1900 institutione
381 1865 500 1900 novorum
519 1849 566 1900 04·-
591 1860 663 1911 liceat
675 1863 799 1927 porrigar-0
817 1866 984 1932 asperginum,
997 1869 1066 1919 5411,

88 1929 174 1982 dinunr
193 1927 381 1994 religiosorum,
395 1929 464 1981 4534.
484 1929 567 1990 Qualis
620 1940 735 1991 dautran.
751 1941 863 2001 -Quid
879 1949 904 1994 et
919 1947 1067 2011 quotuplicis

89 2025 143 2061 esse
154 2009 243 2060 debeat
254 2007 275 2058 si
291 2014 379 2073 agatur
395 2009 426 2061 de
440 2009 530 2062 Ordine
542 2011 567 2061 in
591 2019 688 2086 generis
706 2019 756 2071 rint
777 2022 878 2086 arbitri,
898 2026 976 2086 5544,
996 2029 1066 2079 5666.

89 2105 139 2156 quo
151 2089 284 2140 emittenda
296 2095 354 2139 444414
366 2095 421 2140 tota
433 2091 565 2154 solemnia,
591 2101 627 2150 An
639 2099 734 2167 possint
745 2100 869 2154 abstinere
881 2103 912 2154 ab
925 2103 1006 2156 offffiio
1019 2107 1068 2156 im.

88 2173 158 2224 2535.
179 2171 263 2231 Qualis
282 2187 326 2238 pro
345 2173 399 2224 aliis
418 2173 566 2236 Ordinibus,
592 2180 698 2246 plaudo,
722 2181 791 2233 6545.
817 2181 880 2243 Quid
905 2181 955 2234 sint
983 2185 1067 2238 arbitri

88 2251 238 2303 4536-4534.
249 2250 333 2312 Qualis
341 2251 362 2302 si
371 2259 459 2317 agatur
469 2255 568 2308 deCon·
591 2261 811 2328 compromissarii,
824 2269 849 2314 et
864 2263 923 2331 quid
935 2263 1068 2319 arbitrato-

88 2331 275 2398 greqntionibus
313 2331 445 2400 impropria
477 2337 566 2400 dictis,
591 2357 645 2403 res,
657 2343 727 2394 5664.
743 2343 872 2403 Quomodo
884 2345 897 2396 4
908 2345 993 2411 judice
1008 2364 1068 2416 pro·

88 2413 159 2464 4536.
174 2413 383 2477 Quandonam‚in
396 2415 486 2479 644444,
501 2419 568 2472 Con-
592 2423 644 2491 prid
659 2423 726 2476 dioto
738 2425 941 2479 differantarbitri
953 2445 1068 2496 compro-

88 2491 247 2558 qreqatioucs
263 2492 385 2559 religiosa
402 2497 569 2561 approbentur
593 2503 714 2566 missorii,
737 2505 807 2558 5668.
832 2507 962 2568 Quomodo
984 2511 1068 2564 arbitri

88 2571 102 2622 d
122 2571 247 2624 Gubernio
269 2587 312 2639 per
333 2573 477 2638 Decretum,
496 2579 567 2631 4584.
592 2585 653 2651 juris
665 2585 811 2638 differenti
832 2593 1067 2658 compromissariis,

89 2651 252 2712 Quandonanr
265 2652 413 2718 perlegam,
427 2655 498 2708 4588.
594 2666 663 2716 5669.
677 2665 781 2726 Quinam
794 2667 889 2734 possint
900 2685 955 2723 csse
966 2673 1068 2735 arbitri,

119 2733 236 2789 4444-
248 2734 291 2785 Est
306 2735 406 2787 materia
424 2741 569 2792 racramanti
593 2745 664 2797 5646.
681 2746 739 2807 Quis
752 2747 829 2813 possit
840 2749 990 2806 constituere
1001 2754 1069 2806 arbr-

89 2811 223 2879 Baptismi‚
237 2819 261 2864 et
276 2829 388 2882 quanam
401 2832 479 2885 aqua,
492 2821 570 2874 3450-
593 2830 644 2876 tros
656 2826 901 2894 compromissarios,
913 2831 984 2884 5644.
997 2838 1034 2886 An
1046 2851 1066 2888 er

88 2891 160 2942 3453.
175 2890 289 2952 Quonam
301 2893 341 2945 die
350 2895 382 2945 sit
391 2896 568 2964 benedicenda,
593 2912 715 2973 quatenns
735 2907 831 2959 Prelati
853 2909 982 2979 indigeant
1007 2931 1069 2967 con-

88 2969 161 3022 3454.
175 2971 213 3020 dn
225 2971 299 3024 liceat
314 2973 436 3040 baptizare
448 2979 512 3045 aqud
523 2995 569 3046 ge·
593 3000 668 3038 sensu
683 2985 787 3054 Capituli
799 2994 824 3039 ct
838 2988 892 3041 aliis
904 2993 1069 3048 solemnitati-

88 3047 140 3098 lidd
153 3064 256 3114 puerum
265 3051 335 3103 *brevi
348 3054 494 3108 moriturum
513 3073 569 3111 sum
594 3065 640 3116 bus
652 3065 683 3116 ad
699 3068 947 3133 compromittentium
962 3075 1067 3140 requisi-

89 3127 201 3194 periculo
209 3130 361 3183 accelerandi
372 3133 448 3200 ipsius
456 3143 569 3201 mortem,
594 3145 640 3208 tis,
659 3145 728 3198 5643.
750 3147 798 3199 Pro
818 3148 965 3214 quibusnam
989 3155 1069 3206 causis

88 3207 163 3259 3466.
176 3209 212 3260 44
225 3225 289 3277 aqua
301 3213 453 3279 baptismalis
465 3219 570 3286 congla-
594 3227 869 3294 compromissiopossit
881 3231 933 3283 tisri
951 3233 976 3282 in
989 3237 1068 3286 nrani-

87 3287 155 3340 ciata
169 3289 277 3343 calefieri
289 3295 366 3358 possit
377 3310 408 3347 ex
426 3295 473 3349 4444
489 3301 569 3367 aqud,
593 3305 641 3358 bus
651 3305 807 3368 arbitrorum,
820 3309 889 3359 5644.
901 3311 963 3371 Quid
975 3313 1069 3366 valcant

86 3368 162 3422 3466.
176 3371 213 3421 An
232 3372 264 3422 sit
282 3375 386 3428 mortale
404 3377 527 3443 baptisare
545 3381 570 3432 in
594 3399 712 3452 peragere
724 3385 808 3437 arbitri
821 3401 878 3438 casu
892 3392 1068 3458 recusationis,

86 3453 487 3520 aqudnonconsecratd,8310.
508 3461 572 3522 Quid
595 3463 666 3514 5944.
693 3464 731 3514 dn
758 3463 849 3516 arbiter
881 3468 958 3531 possit
983 3475 1069 3541 exequi

87 3528 110 3579 si
141 3530 263 3594 parocbus
291 3549 381 3585 novum
409 3551 458 3589 non
484 3538 573 3593 babeat
595 3558 665 3594 ruam
677 3543 832 3610 sententiam,
844 3547 915 3599 5865.

88 3609 217 3670 chrisma,
236 3612 306 3664 8344.
325 3614 445 3685 tanqua
464 3617 497 3671 sit
516 3623 572 3674 rino
625 3627 916 3690 anacirardum-Quia
929 3633 986 3696 sint,
999 3638 1069 3690 5864.

925 3754 972 3812 tt*

443 3859 518 3870 ..Q
557 3861 585 3870 ..-
