2462 3984
400 271 486 318 erem
506 271 637 317 rannus.
940 252 991 315 fol

19 379 139 452 citit).
160 374 294 437 Peracto
312 370 394 434 enim
416 371 460 432 rei
481 369 619 432 examine
642 369 811 452 assignatur
828 371 996 434 accusatori

19 467 58 525 rrt
74 461 415 540 Promotorilerminus
431 459 469 522 ad
481 457 720 541 capitulandum,
735 458 997 542 admissorumque

16 554 221 634 erpitnlorum
232 551 319 633 eopia
330 548 457 612 traditur
470 566 535 626 reo,
550 549 600 610 cui
615 550 725 629 pariter
738 547 938 629 assignandus
952 557 998 612 est

16 644 164 706 terminus
178 641 219 704 ad
236 639 354 702 dandos
366 638 553 701 defensorios
571 637 730 714 articulos,
746 637 856 719 quibus
873 637 996 701 tandem

16 729 280 813 acceptis‚1udex
301 729 437 791 decernit
454 726 600 809 publicari
621 743 799 808 processum
818 725 878 789 huo
900 745 997 809 usque

19 829 187 900 peractum.

55 921 144 981 5939.
158 918 262 978 -VL
275 915 320 980 De
329 914 529 1018 publicatione
539 913 688 997 processis
700 913 998 996 offensioietdearti·

19 1007 87 1068 nelis
104 1005 363 1088 interroqator'irb.

56 1105 224 1166 Processus
233 1101 387 1183 offensibus
401 1105 491 1163 ester
501 1117 572 1182 pars
581 1101 741 1181 processus
753 1099 918 1162 criminalis
929 1120 997 1183 quar

22 1191 160 1272 precedit
174 1190 333 1254 decretum
351 1188 476 1270 judicis,
491 1208 553 1271 quo
567 1206 620 1251 reo
633 1188 752 1272 copiam
765 1193 903 1253 aetorum
923 1209 996 1254 con-

25 1290 95 1350 eedit
107 1296 142 1352 ut
156 1305 227 1350 sese
240 1284 403 1349 defendere
414 1283 519 1367 possit.

59 1386 237 1451 Necessaria
248 1391 293 1448 ost
314 1383 477 1466 publicatio
495 1381 668 1462 hujusmodi
686 1387 866 1466 processus,
891 1387 995 1450 saltem

24 1478 118 1558 quoad
132 1473 364 1540 concedendam
373 1491 427 1535 reo
441 1473 559 1555 copiam
575 1480 697 1534 actuum
709 1481 742 1535 ut
756 1491 821 1536 sese
835 1473 996 1538 defendere

25 1569 129 1648 possit,
144 1573 178 1629 et
190 1565 267 1626 adeo
277 1564 346 1644 iure
365 1563 512 1624 canonico
526 1569 570 1624 est
585 1561 793 1643 requisitam,
814 1566 850 1626 ei
864 1566 994 1632 ornisstt.

26 1673 181 1736 processus
190 1655 257 1736 ipso
265 1654 333 1734 jure
346 1657 424 1714 esset
435 1651 547 1714 nullus.

64 1757 151 1816 ltili).
175 1750 334 1833 Duplioem
364 1748 504 1812 effectum
526 1747 614 1811 habet
637 1749 803 1830 publicatio
835 1753 955 1834 praefata
987 1777 994 1818 :

30 1846 57 1901 l⁰
67 1862 100 1904 ex
112 1839 307 1925 probabiliori
320 1839 544 1919 sententiipost
555 1836 635 1900 hanc
652 1839 885 1919 publicationem
896 1845 996 1908 nullus

31 1931 195 1994 aliustestis
209 1949 265 2012 pro
280 1928 492 1990 informatione
512 1928 604 1989 ouriae
625 1927 741 1989 admitti
763 1936 879 2010 potest;
901 1936 933 1994 2⁰
947 1933 996 1996 dat

32 2022 139 2100 reojus
147 2019 276 2082 habendi
290 2017 408 2098 copiam
419 2019 589 2098 processus.

67 2115 169 2178 flando
179 2116 300 2198 copiam
310 2116 485 2196 processus,
497 2111 591 2194 judex
600 2130 662 2174 non
673 2117 793 2176 tenetur
806 2115 997 2182 manifestare

31 2207 148 2268 nomina
160 2207 300 2281 testium,
322 2211 484 2283 antequam
498 2207 687 2284 repetantur,
710 2201 767 2266 nisi
781 2222 851 2267 reus
867 2205 998 2272 declaret

32 2296 179 2357 rehabere
192 2301 284 2356 testes
301 2292 333 2354 in
347 2291 537 2353 informativo
555 2309 697 2374 processu
710 2299 847 2376 receptos
860 2313 925 2378 pro*
937 2299 998 2362 riti

31 2392 56 2444 ef
67 2383 143 2446 recte
150 2383 255 2446 citatis
267 2390 298 2444 et
309 2380 500 2444 examinatis.

65 2487 152 2545 still.
175 2483 251 2544 Datd
265 2480 572 2563 praedicttprooessds
585 2480 684 2581 copia,
693 2480 861 2561 assignatur
875 2503 928 2546 reo
942 2479 999 2548 ter-

31 2571 125 2634 minus
135 2570 175 2633 ad
183 2569 365 2653 porrigenda
378 2569 627 2651 interropatorrsta
643 2569 667 2631 si
683 2587 743 2650 qua
757 2569 898 2635 exhibere
917 2575 995 2638 velit.

32 2661 98 2722 flare
116 2661 183 2723 oerd
203 2659 437 2741 interropotoria
456 2666 526 2720 sunt
544 2657 728 2740 quaestiones
745 2659 871 2723 testibus
884 2681 998 2748 propo-

34 2749 144 2813 nendae.
153 2749 184 2813 Si
193 2749 457 2812 arctiortermrnus
467 2747 558 2809 fuerit
566 2747 746 2829 assignatus,
756 2753 997 2832 prorogationem

33 2839 168 2920 temporis
181 2855 253 2900 reus
264 2843 367 2919 petere
380 2841 492 2918 potest,
508 2837 624 2898 etiamsi
633 2836 750 2900 crimen
763 2838 919 2905 confessus
928 2843 995 2907 fuis·

35 2933 93 3002 set,
106 2933 135 2990 et
144 2932 243 3010 potest
255 2925 406 3008 appellare
419 2944 443 2987 si
436 2925 563 3004 injuste
577 2931 714 3007 negetur.

72 3023 173 3108 Elapso
194 3031 297 3088 autem
319 3021 531 3087 defensionum
550 3024 704 3104 termino,
727 3026 753 3089 si
775 3045 864 3106 reus,
888 3029 998 3092 delicto

35 3116 190 3192 spontanee
203 3113 358 3190 confesso,
370 3111 597 3176 defensionibus
608 3113 777 3194 renuntiet,
791 3117 885 3197 iudex
900 3127 995 3200 potest

35 3203 126 3265 statim
139 3202 177 3266 ad
190 3203 372 3266 sententusm
386 3201 664 3265 condemnatoriam
675 3203 850 3286 procedere.

70 3304 154 3363 5949.
173 3335 208 3347 -
222 3301 286 3362 vfl.
308 3298 353 3361 De
376 3295 550 3380 repetitione
570 3306 600 3362 et
622 3299 857 3382 confrontatione
879 3301 996 3364 testium

38 3403 85 3466 pro
96 3388 308 3471 legitimamente
317 3387 475 3470 processis.

73 3495 100 3556 Si
113 3513 181 3558 rens
198 3493 329 3558 noluerit
341 3493 494 3555 declarare
508 3512 540 3557 se
557 3493 668 3556 habere
686 3499 776 3556 testes
789 3511 845 3575 pro
865 3493 996 3576 legitime

42 3581 123 3646 citatis
135 3591 165 3646 et
176 3582 369 3656 examinatis,
381 3583 507 3645 omnind
520 3582 692 3644 necessaria
705 3589 750 3643 est
763 3582 898 3662 ipsorum
911 3603 995 3664 repe·

44 3671 391 3754 lilio‚eitatoprii1sreo‚
405 3679 438 3734 ut
447 3670 676 3733 videateosdem
687 3670 893 3748 juramentum
909 3690 996 3750 praee
