2548 3988
171 319 229 378 33ss
395 326 532 390 aauuapu
552 323 653 369 nortus
672 321 755 369 runrs
776 321 923 368 canoram.

172 430 284 506 eccles,
301 447 332 510 p.
348 429 418 504 227)
433 425 485 506 qui
501 423 574 486 citat
587 424 710 496 Sumen,
725 421 770 484 De
786 439 875 497 cena,
889 419 967 502 disp.
983 425 1014 498 7,
1027 421 1100 481 sect.
1115 417 1146 494 l,

165 519 206 580 ·n⁰
218 520 268 594 ll,
279 525 309 580 ct
319 515 493 580 Barbosam.
503 513 612 576 Contra
622 517 725 572 tamen
733 507 852 572 videtur
858 509 970 572 sentire
980 510 1012 572 S.
1022 508 1147 590 Lignor.

130 607 133 616 ⁴
171 606 235 686 (lib.
251 611 282 682 7,
298 617 332 666 n⁰
347 598 426 682 tua).

143 763 145 768 -
212 720 301 780 6438.
325 715 449 788 Ouaerit.
464 717 497 778 {⁰
513 715 538 776 Α
552 729 614 796 quo
629 727 766 774 censure
779 709 909 773 debeant
921 705 1064 772 absolvit

106 835 112 842 '
212 831 303 911 Resp.
320 805 493 890 Generdim
505 825 544 888 ad
557 822 705 888 tollendas
718 839 872 900 censuras,
887 821 1002 884 eaedem
1016 839 1052 883 ex
1067 825 1150 902 parto

173 917 354 986 absolventis
363 916 559 998 requiruntur
570 911 758 976 conditiones
769 929 932 993 aceaequae
943 910 1105 992 exiguntur
1113 907 1152 971 ad

156 1043 158 1050 ·
174 1007 240 1072 illas
252 1004 391 1068 ferendas
407 1022 415 1065 ι
431 1001 634 1066 undeobsolri
648 999 817 1062 debentvol
830 998 870 1062 ab
883 999 984 1081 coqui
999 1016 1050 1060 eas
1065 996 1150 1073 tulit:
1251 1034 1252 1086 p

175 1093 222 1158 rel
230 1096 268 1157 ab
282 1094 376 1176 ipsius
390 1093 562 1174 superiore,
577 1097 629 1153 aut
636 1091 827 1164 Successore,
842 1093 893 1150 aut
907 1086 1055 1168 delegato.
1073 1087 1153 1148 Atta·

174 1200 247 1245 men
260 1184 293 1244 in
307 1181 407 1262 specie
424 1201 431 1241 :
449 1183 480 1242 1⁰
497 1181 528 1242 Si
543 1195 680 1244 censurae
694 1195 757 1239 non
775 1177 838 1248 sint
848 1182 1004 1238 reservate
1017 1182 1048 1238 et
1060 1174 1121 1238 sint
1134 1175 1152 1236 t
1251 1187 1252 1194 ¹

173 1272 241 1347 jure
262 1269 344 1346 latae,
366 1270 446 1331 certe
462 1267 573 1330 absolvi
592 1272 720 1349 possunt
738 1265 799 1328 sive
817 1265 856 1328 ab
869 1265 1037 1346 Episcopo,
1053 1263 1115 1326 sive
1135 1264 1153 1326 a

177 1358 300 1439 proprio
322 1356 492 1432 sacerdote3
511 1355 586 1418 illud
605 1361 723 1417 constat
739 1372 777 1416 ex
799 1371 865 1435 cap.
889 1351 1004 1434 Nuper,
1021 1350 1056 1414 dc
1076 1359 1149 1414 sent.

177 1465 316 1507 excomm.
331 1493 339 1523 ,
354 1445 406 1507 ubi
424 1445 550 1526 quidem
569 1449 616 1506 est
636 1444 755 1505 tantbm
768 1459 869 1506 sermo
889 1441 928 1504 de
946 1441 1154 1504 excommuni·
1252 1475 1253 1496 i

176 1533 294 1595 catione
308 1533 437 1610 minore,
452 1532 505 1596 sed
519 1533 585 1613 ejus
597 1531 723 1594 canorus
735 1530 891 1613 dispositio
900 1531 1105 1593 communiter
1114 1528 1153 1592 ad
1252 1537 1253 1542 ’

177 1627 300 1684 caeteras
308 1639 451 1684 censuras
460 1620 642 1684 extenditur.
652 1619 736 1682 ldom
746 1626 873 1702 possunt
881 1619 1050 1700 Capitulum
1061 1665 1069 1698 ‚
1082 1617 1152 1681 sede

178 1715 312 1786 vacante,
332 1709 449 1770 Praelati
470 1709 661 1790 Religionum
682 1713 713 1769 et
727 1707 843 1770 Praelati
858 1725 965 1770 omncs
975 1705 1155 1787 jurisdictio·

179 1815 250 1860 nem
260 1797 559 1881 quasiepiscopalem
574 1797 780 1879 possidentes;
794 1797 856 1860 imd
866 1797 937 1858 licet
948 1796 1155 1859 contradicant

179 1887 209 1946 S.
228 1887 340 1947 anton.
356 1893 387 1948 et
399 1885 450 1948 alii
464 1887 568 1968 pauci,
588 1885 669 1948 idem
684 1885 887 1948 communiter
903 1881 1069 1948 affirmatur
1081 1903 1153 1948 cum

179 1973 209 2038 S.
225 1972 341 2036 Thomb
354 1973 487 2057 (suppl,
500 1993 530 2056 q.
547 1978 598 2050 dd,
613 1981 669 2037 art.
683 1975 715 2058 ἓ)
731 1973 770 2036 de
790 1973 933 2036 omnibus
948 1971 1152 2052 confessuris,

178 2070 209 2126 et
222 2061 253 2124 id
267 2063 358 2126 etiam
375 2069 494 2126 constat
510 2082 546 2126 ex
567 2063 635 2126 eod.
652 2082 720 2146 cap.
736 2063 852 2145 Nuper,
869 2062 921 2125 ubi
941 2064 1099 2125 Innocent.
1115 2065 1152 2124 tlt

179 2150 271 2213 dicit:
298 2173 314 2210 o
329 2155 354 2212 Α
375 2171 430 2214 suo
446 2153 611 2233 Episcopo,
628 2152 675 2213 vel
696 2154 713 2213 a
734 2151 857 2233 proprio
875 2151 1029 2214 sacerdote
1045 2151 1155 2234 poterit

179 2259 195 2298 a
219 2239 414 2300 absolutionis
428 2239 610 2301 beneficium
624 2238 778 2302 obtinere:
794 2241 931 2320 quamvis
943 2240 1026 2304 enim
1040 2247 1070 2302 et
1082 2247 1155 2304 tunc

180 2347 195 2383 o
220 2343 281 2386 non
294 2325 420 2404 judicis,
431 2326 484 2387 sed
490 2327 567 2404 juris
576 2327 760 2388 sententia...
777 2327 815 2389 sit
824 2328 932 2409 ligatus
945 2375 954 2408 ,
969 2330 1041 2411 quia
1053 2335 1154 2392 tamen

180 2436 194 2470 o
219 2413 362 2482 Conditor
374 2415 500 2476 canorus
517 2415 582 2494 ejus
595 2414 815 2478 absolutionem
829 2416 885 2478 sibi
907 2418 1075 2498 specialiter
1090 2437 1153 2482 non
1254 2465 1255 2496 r

181 2523 195 2558 a
219 2501 357 2578 retinuit,
386 2519 423 2564 eo
448 2502 513 2584 ipso
540 2503 724 2566 concessisse
743 2502 862 2568 videtur
890 2503 1059 2568 facultatem
1090 2505 1156 2570 aliis
1254 2507 1255 2510 ’

181 2612 195 2648 a
219 2588 399 2652 relaxandi»
414 2609 421 2652 :
437 2609 475 2652 ex
489 2609 550 2673 quo
565 2591 658 2674 liquet
671 2593 822 2673 portinere
836 2592 874 2654 ad
887 2593 1045 2675 proprium
1059 2603 1156 2658 saceb-

181 2675 283 2738 dotem
308 2677 462 2741 absolvere
490 2681 507 2740 b
533 2681 670 2744 censuris
696 2681 821 2743 canonis
847 2697 901 2744 seu
923 2681 941 2742 b
960 2683 1041 2760 jure,
1064 2683 1155 2746 etiam
1254 2675 1255 2686 ³

181 2763 337 2828 declaratis
357 2767 375 2828 d
396 2765 508 2845 iudice,
523 2769 642 2850 quoties
659 2787 788 2830 censura
813 2787 875 2831 non
896 2777 1082 2850 reservatum
1103 2773 1156 2836 sed

182 2870 235 2934 per
249 2853 405 2933 proprium
427 2855 613 2918 sacerdotem
628 2857 681 2920 ubi
700 2857 799 2938 agitur
815 2857 853 2920 de
866 2855 1055 2922 absolutione
1068 2861 1155 2924 intol-

181 2938 282 3020 ligitur
296 2939 420 3021 quilibet
432 2943 643 3022 confessarius,
655 2946 748 3008 modb
760 2945 909 3010 confessio
920 2947 1039 3030 incepta
1048 2949 1153 3024 luerit,

181 3033 215 3089 ut
227 3045 319 3110 supra
332 3029 464 3092 diximus
474 3033 575 3112 (1573)
587 3054 594 3108 ;
606 3053 691 3116 ergo,
706 3041 765 3098 etc.

221 3143 309 3203 stae.
333 3141 451 3225 Excipit
462 3143 605 3226 Lequernr
620 3147 638 3209 b
652 3146 774 3229 praelato
783 3147 890 3230 regulo
902 3167 1046 3216 censuras
1060 3153 1157 3219 illatas

181 3229 214 3292 in
240 3227 366 3292 modum
391 3251 485 3313 purae
509 3231 699 3299 vindicetiooe
724 3255 793 3318 qua
820 3245 984 3302 censentur
1011 3243 1157 3325 implioitb

181 3323 357 3391 reservata,
373 3319 479 3384 saltem
499 3323 600 3406 quoad
613 3341 665 3386 eos
678 3325 731 3406 qni
750 3325 861 3388 babent
871 3329 1110 3406 jurisdictionem
1124 3335 1155 3399 in

182 3405 247 3488 solo
268 3406 334 3470 loro
356 3407 493 3489 interno,
508 3413 546 3474 ed
564 3413 647 3494 qudd
661 3413 781 3476 illarum
797 3415 938 3480 relaxatio
952 3421 1014 3482 non
1032 3424 1157 3504 precise

182 3491 402 3590 pbsolutionem
428 3499 482 3561 sed
503 3498 758 3582 dispensationem
778 3505 906 3585 exigat:
935 3506 1009 3572 dicit
1031 3511 1157 3595 insuper

182 3575 263 3678 adem
283 3583 425 3664 mouens
449 3590 646 3668 questionem
668 3608 733 3653 esse
752 3601 975 3658 controversam
989 3599 1090 3679 quoad
1103 3619 1157 3666 eos

183 3679 235 3742 qur
252 3665 365 3732 babent
382 3671 622 3760 jurisdictionem
642 3677 675 3739 in
693 3679 760 3742 loro
777 3688 921 3764 externo,
943 3685 968 3745 si
982 3685 1156 3766 hujusmodi
