2466 4258
328 219 413 266 nunna
435 219 567 267 scurrus.
589 236 629 248 -
649 219 834 266 rrrsunrcns.
1005 202 1063 265 739

73 341 168 398 taret
181 335 219 397 de
236 337 305 414 ejus
316 335 473 398 nullitate.
496 335 624 410 Quodsi
640 337 679 398 de
695 337 900 399 matrimonio
930 345 1061 400 contra·

70 426 194 488 hendo
209 432 333 506 agatur,
349 425 409 487 hoc
439 425 581 507 permitti
606 443 782 505 numquam
804 427 930 507 poterit,
958 427 1062 490 donec

72 519 124 579 de
137 521 240 578 morte
252 515 367 596 prioris
380 517 527 598 conjugis
537 521 624 579 certo
639 515 826 578 constiterit.

124 604 175 667 td.
191 609 229 667 at
244 605 270 666 si
283 623 346 667 non
359 623 396 668 ex
411 606 472 668 isto
491 605 609 688 capita,
633 607 690 668 sed
705 607 810 685 potius
825 607 900 688 quia
925 606 1063 688 primum

72 693 327 758 matrimonium
344 693 377 756 in
393 695 508 756 haereei
522 701 579 758 aut
594 696 767 758 schismate
781 699 982 758 contractum
994 714 1063 759 res-

75 787 203 846 cissum
217 783 312 845 luerit
323 783 364 845 oh
379 785 475 846 aliam
486 802 626 860 causam,
641 783 793 863 specialia
806 783 954 864 quaedam
970 791 1063 847 arunt

75 875 295 936 observanda.
314 875 352 934 El
366 873 466 954 primo
481 873 712 936 advertendum
723 879 781 948 est,
797 873 1018 954 Evangelicam
1032 883 1064 937 et

76 963 300 1044 Apostolicam
315 961 496 1025 doctrinam
511 981 593 1038 esse,
608 961 846 1024 matrimonium
859 963 963 1026 valide
979 965 1062 1026 cele-

76 1056 213 1115 bratum
226 1051 304 1114 solvi
315 1071 378 1113 non
393 1070 485 1133 posse
498 1059 629 1134 propter
642 1052 845 1128 adulterium,
860 1051 910 1115 vel
932 1059 1063 1133 propter

2 1185 3 1188 =
77 1143 250 1206 molestam
277 1141 556 1218 cohabitationem,
586 1147 643 1204 ant
669 1141 800 1222 longam
825 1147 857 1203 et
883 1141 1062 1205 affectatam

2 1241 3 1245 ’
78 1231 233 1310 conjugis
249 1231 342 1294 unius
356 1232 545 1306 absentiam,
564 1239 620 1295 aut
635 1239 765 1310 propter
785 1231 873 1293 aliud
888 1233 1061 1311 quodcum·

78 1341 146 1404 que
170 1321 321 1383 motivum
334 1321 374 1381 ah
404 1322 562 1384 haereticls
588 1321 637 1383 rel
652 1321 862 1383 schismaticis
878 1321 1060 1385 confictum.

78 1417 188 1486 Quare
217 1411 245 1473 si
270 1411 456 1486 constiterit,
482 1429 501 1473 a
526 1411 741 1472 tribunalibus
764 1411 987 1476 hereticorum
1006 1420 1063 1475 eut

79 1501 363 1565 schismaticorum
379 1501 419 1560 oh
443 1499 583 1579 aliquam
610 1499 729 1562 existis
745 1499 922 1562 rationibus
944 1519 1062 1580 praece·

82 1593 166 1654 dens
181 1589 420 1651 matrimonium
431 1587 621 1650 dissolutum
636 1589 742 1662 luisse,
761 1605 857 1651 causa
871 1589 904 1650 in
918 1590 1061 1654 levorem

82 1680 216 1744 secundi
231 1677 424 1740 matrimonii
440 1694 457 1738 a
473 1675 624 1736 tribunali
636 1676 791 1739 catholieo
807 1695 848 1738 ne
866 1679 1062 1742 admittenda

81 1771 213 1852 quidem
229 1785 285 1830 seu
301 1765 535 1829 introducenda
547 1765 617 1826 erit.
631 1763 661 1826 Si
675 1783 751 1826 vero
774 1766 916 1845 ejusdem
927 1768 1062 1831 dissolu-

80 1863 127 1924 tio
143 1860 239 1922 iuerit
250 1859 379 1921 decreta
393 1856 433 1918 oh
447 1852 682 1916 alinmtitulum
698 1852 795 1932 aju're
811 1855 962 1916 canonico
977 1875 1063 1919 reco-

82 1952 222 2032 gnitum,
239 1947 402 2010 sciendum
430 1951 486 2014 est,
513 1947 586 2005 acta
609 1961 628 2003 a
651 1941 804 2004 tribunali
835 1943 985 2006 haeretico
1009 1955 1062 2007 aut

82 2035 284 2102 schismatico
300 2036 443 2097 coniecta
457 2030 565 2096 valore
577 2031 715 2111 juridico
738 2049 856 2104 cerere,
874 2037 906 2094 et
925 2051 964 2094 ex
984 2035 1062 2112 ipsis

2 2186 3 2192 ,
83 2125 284 2190 solummodo
304 2123 462 2204 judicium
483 2122 626 2201 proferre
642 2119 801 2184 catholico
812 2119 914 2200 judici
930 2123 1060 2187 minime

82 2217 189 2292 licere.
207 2215 309 2288 Quare
324 2219 400 2275 lunc
412 2229 509 2276 causa
523 2229 563 2273 ex
577 2211 702 2290 integro
724 2211 785 2274 erit
802 2209 1008 2288 instituenda,
1030 2220 1062 2277 et

78 2309 174 2390 juxta
193 2322 302 2366 sacros
317 2318 454 2364 canones
469 2301 707 2379 pertractanda.
723 2300 863 2362 Velitum
878 2305 1061 2366 tamennon

83 2405 143 2474 est,
167 2396 230 2456 imo
243 2391 415 2469 aliquando
431 2389 590 2467 expediet,
607 2394 724 2452 utacla
737 2389 903 2452 tribunalis
919 2392 1062 2456 haeretici

83 2487 134 2548 vel
148 2479 339 2544 schismatici
352 2479 567 2558 requirantur,
582 2495 643 2556 quo
653 2477 775 2557 plenior
785 2479 942 2542 iacturum
958 2485 989 2541 et
1001 2483 1062 2542 cir-

83 2570 348 2636 cumstantiarum
365 2567 507 2642 cognitio
523 2566 711 2644 attingatur.
737 2567 804 2630 lmo
827 2567 853 2628 si
878 2568 1060 2648 hujusmodi

82 2663 276 2724 documenta
289 2677 308 2718 a
323 2655 465 2736 partibus
490 2653 604 2715 luerint
621 2655 776 2730 exhibita,
792 2658 965 2720 dummodo
980 2659 1062 2723 nihil

83 2751 170 2813 aliud
198 2748 316 2820 obstet,
332 2747 482 2824 poterunt
497 2743 655 2822 adhiberi,
684 2749 780 2824 atque
794 2763 834 2809 ex
857 2747 921 2810 illis
943 2747 1060 2813 indicia

84 2837 200 2920 colligi.
218 2837 329 2898 Partes
340 2841 444 2896 tamen
467 2839 561 2896 erunt
574 2851 702 2914 semper
713 2835 893 2914 audiendae,
910 2855 1057 2914 necnon,

2 3000 3 3007 ἵ
83 2937 239 3010 qnatenus
250 2925 319 2990 ficri
333 2923 460 3005 poterit,
478 2923 573 2986 etiam
588 2927 687 2987 testes
701 2926 821 3006 singuli
834 2927 949 2989 iterum
965 2925 997 2987 in
1009 2927 1061 3004 ju-

2 3093 3 3096 *
83 3021 197 3080 dicium
211 3015 359 3090 vocandi,
375 3021 408 3078 ct
423 3013 640 3093 interrogandi
655 3015 695 3078 ad
714 3033 859 3078 normam
881 3015 997 3075 hurum
1012 3033 1060 3078 re·

83 3105 237 3184 gularum.
246 3107 354 3186 Neque
366 3104 542 3166 omittenda
553 3103 688 3166 aliarum
698 3119 909 3184 personarum
919 3101 1061 3181 juridica

83 3193 247 3273 depositi0,
260 3193 287 3253 si
297 3195 408 3256 adesse
421 3199 675 3272 cognomentum
691 3191 773 3254 sicut
784 3209 889 3272 neque
902 3193 964 3255 alia
975 3201 1058 3274 acta,

83 3303 152 3365 quan
167 3283 219 3344 vel
233 3283 415 3344 moderator
437 3283 486 3344 vel
502 3283 651 3344 defensor
665 3281 861 3343 matrimonii
881 3285 1060 3347 necessaria

83 3371 309 3455 reputaverint.
338 3369 368 3430 Si
397 3375 562 3450 perpensis
587 3370 737 3433 omnihus
758 3371 856 3452 judex
886 3375 1057 3450 censuerit,

82 3462 270 3525 sententiam
286 3461 471 3524 edicendam
491 3477 560 3522 esse
574 3461 769 3524 conformem
785 3464 950 3525 sententiae
969 3465 1059 3526 atri-

83 3552 187 3614 hunali
204 3551 355 3613 haeretico
371 3555 427 3612 aut
453 3549 658 3612 schismatico
673 3553 818 3632 prolatae,
835 3571 996 3633 uunquam
1013 3561 1059 3616 ta·
