2452 3984
163 202 223 264 232
391 212 528 260 urnulas
548 213 649 260 ronus
668 215 750 261 ruars
766 187 920 263 canorum.

163 326 299 398 accipere
309 316 481 398 pecuniam,
495 332 556 377 non
567 321 602 378 ut
610 311 862 396 pretium,sedut
873 312 1054 395 stipendium
1066 329 1123 376 sus·
1204 324 1205 361 t

164 403 350 482 tentationis,
365 403 456 466 etiam
471 421 527 484 pro
545 402 648 465 labore
668 401 830 466 intrinseco
849 401 951 465 intuli
969 402 1124 465 ministerio
1204 409 1205 438 4

165 491 384 574 impendendo,
413 496 445 554 ut
467 490 546 554 inira
570 490 707 554 dicemus
721 491 808 570 (Vide
828 491 860 554 S.
875 491 1013 572 liguen,
1029 490 1079 552 lib.
1097 493 1124 570 3,
1204 485 1205 528 l

161 591 198 646 m·
213 586 273 660 66).
289 581 496 644 communiter
515 585 549 643 ut
565 579 732 661 temporale
745 578 872 644 habetur
892 578 1026 642 officium
1040 579 1125 642 eccle-

164 669 241 734 siam
254 669 457 747 custodiendi,
477 668 664 748 mundandi,
684 687 811 752 corpora
824 668 1039 733 defunctorum
1052 668 1126 732 dele·
1204 675 1205 716 ³

164 759 267 835 rendi,
278 758 474 836 inhumandi,
490 765 548 821 etc.

205 853 295 912 6443.
317 882 357 896 -
377 852 410 911 2⁰
429 849 469 910 Ut
481 846 616 930 pretium
638 847 796 930 temporale
814 847 918 910 haberi
943 845 1058 908 debent
1075 865 1128 908 non
1204 923 1205 932 ἵ

164 937 265 1000 solum
288 953 401 1000 munus
424 937 442 997 a
462 955 569 1014 manu,
589 934 684 998 idest
705 936 848 1017 pecunia,
871 941 903 998 et
924 933 1130 1016 quodcumque
1204 943 1205 982 t

166 1025 330 1106 temporale
344 1023 426 1106 quod
449 1025 545 1105 pretio
565 1023 603 1084 sit
624 1023 815 1100 aestimabile,
837 1023 927 1106 quale
946 1029 1028 1085 esset
1048 1023 1130 1085 etiam
1204 1029 1205 1070 l

167 1114 304 1175 remissio
314 1114 361 1176 vel
375 1111 484 1174 solutio
492 1111 595 1189 debiti,
608 1112 654 1174 vel
667 1117 789 1192 pactum
800 1111 838 1175 de
851 1111 1024 1194 praestando
1036 1117 1132 1173 mutuo
1204 1105 1205 1112 '

168 1201 258 1264 etiam
272 1201 302 1262 in
325 1199 542 1276 incontinenti;
562 1199 635 1262 item
649 1199 673 1260 si
687 1200 855 1282 Episcopus
868 1200 944 1263 dans
957 1200 1132 1262 beneficium

169 1289 325 1352 conveniat
334 1307 406 1351 oum
416 1287 668 1369 accipiantequdd
679 1287 733 1350 iste
742 1287 827 1351 alteri
837 1289 1016 1371 pensionem
1024 1295 1133 1371 praesta·
1204 1305 1205 1334 ³

170 1379 213 1440 bit
224 1397 230 1438 :
241 1377 288 1440 vel
298 1377 322 1440 si
336 1377 405 1460 quis
417 1378 585 1458 paciscatur
594 1394 666 1438 cum
675 1375 788 1457 aliquo,
804 1376 924 1458 quodsi
938 1395 1012 1440 eum
1024 1375 1134 1456 adiuret

170 1466 207 1528 ad
221 1465 404 1529 beneficium
423 1463 640 1542 obtinendum,
660 1465 839 1547 pensionem
859 1463 901 1527 illi
917 1464 1014 1528 solvet
1033 1467 1075 1542 (S.
1092 1464 1133 1525 Li·

171 1573 276 1635 gnan,
293 1554 344 1615 lib.
355 1557 392 1630 3,
408 1551 449 1615 n¹·
463 1556 513 1630 66,
527 1554 593 1632 64);
609 1552 662 1614 sed
676 1553 766 1616 etiam
780 1554 909 1615 manuari
923 1551 1035 1634 linpad,
1053 1559 1086 1614 ut
1097 1557 1135 1615 est
1204 1551 1205 1606 4

171 1643 251 1720 laus,
266 1641 462 1723 vituperium,
479 1641 698 1721 patrocinium,
714 1648 786 1718 etc,
807 1639 969 1704 autetiam
989 1661 1093 1702 maaca
1104 1639 1135 1701 ot

171 1731 303 1810 obsequio
317 1739 345 1791 et
357 1729 523 1810 famulatu,
540 1729 584 1791 uti
597 1728 727 1806 docere,
743 1730 886 1792 inservire
899 1729 962 1809 lib„
980 1733 1031 1806 49,
1047 1733 1105 1806 64).
1204 1741 1205 1780 l

212 1823 300 1880 6444.
316 1852 356 1865 -
373 1821 405 1880 3⁰
419 1819 477 1880 Per
490 1816 683 1880 venditionem
698 1825 727 1880 et
743 1817 931 1901 emptionem,
957 1815 1134 1898 intelligendi

173 1913 244 1970 sunt
256 1907 353 1989 quivis
371 1913 543 1970 contractus
560 1907 697 1984 onerosi,
713 1907 774 1970 sive
791 1905 972 1970 venditionis
986 1907 1048 1968 sive
1061 1907 1136 1968 loca·

173 1995 262 2056 tionis
282 1997 343 2057 sive
355 1995 583 2076 permutationis
596 2000 649 2058 aut
666 1995 914 2072 renuntiationis,
936 1994 1049 2076 quibus
1066 1994 1136 2056 irre·

81 2163 83 2170 ,
174 2089 309 2144 verenter
323 2102 371 2146 res
389 2084 573 2164 spirituales,
599 2084 693 2146 instar
709 2082 938 2165 temporalium,
953 2081 1050 2163 pretio
1063 2083 1137 2148 asti-

174 2178 294 2232 mantur
319 2177 348 2232 et
372 2169 574 2234 contractibus
599 2171 810 2251 subjiciuntur.
834 2174 901 2233 Non
921 2177 1024 2234 autem
1046 2171 1138 2233 existit

174 2257 302 2320 simonia
325 2257 429 2320 saltem
450 2265 532 2320 extra
554 2265 703 2336 mentem,
729 2260 794 2321 sine
811 2260 911 2341 aliqut
928 2261 1082 2340 pactione,
1096 2258 1138 2321 vel

175 2347 315 2428 expressa
328 2346 374 2408 vel
387 2345 477 2408 tacita
489 2351 519 2408 et
532 2345 713 2424 obligatione
727 2366 765 2410 ex
779 2355 876 2428 pacto.

216 2433 305 2498 6445.
329 2435 462 2499 simonia
481 2434 669 2517 quadruplex
682 2441 726 2496 est
742 2454 749 2494 :
766 2441 798 2496 4ο
811 2435 961 2513 mentalis,
983 2440 1055 2499 olam
1076 2435 1140 2517 quia

176 2525 226 2586 dat
239 2525 403 2606 temporale
423 2541 494 2586 curn
510 2523 613 2586 animo
633 2522 785 2603 obligandi
798 2523 837 2586 ad
850 2523 1038 2586 reddendum
1056 2525 1139 2606 spiri·

177 2613 273 2690 tuale,
297 2618 349 2674 eut
361 2614 539 2688 econverso,
556 2610 609 2673 sed
621 2611 735 2692 absque
751 2610 813 2673 ullo
826 2619 913 2693 pacto
929 2631 937 2672 ι
952 2619 996 2674 cst
1010 2613 1056 2676 vel
1069 2613 1140 2694 pure

177 2700 312 2764 mentalis
325 2719 394 2782 quae
407 2699 491 2762 nullo
504 2699 596 2761 modo
610 2699 708 2762 inlluit
719 2699 751 2760 in
762 2705 845 2762 actus
859 2707 1017 2778 externos;
1033 2703 1078 2764 v'el
1089 2721 1139 2762 ror

176 2788 250 2868 puri
262 2787 396 2849 mentalis
406 2806 475 2870 quae
489 2787 558 2848 licet
571 2787 676 2849 iniluat
695 2787 727 2848 in
748 2794 831 2849 actus
843 2793 1000 2867 externos,
1015 2797 1137 2852 attamen

180 2875 253 2937 nihil
266 2874 386 2960 deducit
399 2875 431 2937 in
445 2882 583 2957 pactum,
598 2876 689 2936 etiarn
702 2875 836 2938 tacitum.

82 2965 86 2970 '
219 2967 309 3026 6446.
325 2997 357 3010 -
368 2968 399 3026 2⁰
415 2963 671 3041 conventionalia,
682 2964 753 3025 cum
763 2962 845 3026 adest
858 2971 996 3046 pactum,
1011 2967 1138 3030 sednon·

179 3053 253 3115 dum
268 3055 286 3114 ir
299 3052 543 3115 contrahentibus
561 3057 731 3115 executum.
754 3051 785 3113 Si
803 3059 905 3116 tamen
928 3055 966 3115 ab
988 3059 1050 3118 unit
1063 3065 1138 3137 parte

179 3141 345 3206 executioni
360 3141 553 3204 mandaretur
566 3140 694 3202 simonia
706 3149 862 3204 vocaretur
875 3149 947 3204 tunc
956 3144 1063 3204 mictu.

221 3233 308 3296 Nulla
328 3231 358 3294 in
379 3233 447 3311 jure
471 3233 617 3295 canonico
639 3231 719 3296 clare
738 3251 879 3316 expressa
898 3235 1045 3316 reperitur
1059 3253 1138 3316 poena

182 3323 323 3384 adversus
337 3321 508 3398 simoniam,
527 3323 588 3383 sive
597 3323 760 3385 mentalem
773 3341 835 3386 sive
845 3325 921 3406 pure
934 3325 1138 3387 conventiona-

182 3408 242 3470 lenr
255 3411 314 3472 sive
329 3410 462 3470 mixtam.

224 3501 312 3556 6444.
326 3529 365 3540 -
378 3501 410 3556 3ο
433 3496 548 3566 Iteolr'a,
568 3496 640 3561 crim
658 3505 779 3578 pactum
790 3499 856 3578 iam
872 3506 917 3562 est
938 3502 1095 3584 impletum
1108 3522 1139 3566 er

185 3585 311 3659 udaque
338 3590 420 3660 perta
443 3583 548 3644 saltem
566 3585 754 3652 inchoativa.
774 3589 846 3652 cum
866 3587 999 3668 scilicet,
1021 3591 1090 3654 data
1113 3609 1140 3653 ra
