2526 3988
443 253 529 299 mam
548 253 679 301 marrus.
994 237 1032 301 49

114 351 134 413 l.
154 352 218 414 Non
234 369 340 414 omnes
354 350 468 414 habiles
488 357 559 414 sunt
573 351 610 414 ad
624 353 766 416 standum
781 355 813 416 in
824 352 950 434 judicio,
967 359 1036 416 tan-

82 457 161 520 quam
172 451 277 502 actores
285 441 332 502 rel
346 440 401 502 rei.
417 442 547 513 Quinam
559 440 631 503 uerd
644 441 683 504 ad
697 441 754 506 buc
768 445 829 506 siut
841 443 972 523 habites,
988 443 1038 507 blc

80 536 118 590 cst
127 527 270 610 sigillatim
281 529 496 612 exponendum
508 549 516 591 ε

115 635 143 694 l·
160 635 224 696 Non
242 633 341 696 solum
355 634 424 716 jure
436 633 623 712 Justiniano‚
644 635 676 697 in
695 633 762 699 loro
779 633 922 704 Ecclesiae
938 638 1037 720 quoad

79 717 278 801 bocadmisso,
293 723 347 785 sed
361 724 451 786 etiam
462 724 531 804 jure
545 723 687 802 naturali,
700 723 829 788 infantes
843 743 933 788 usum
947 725 1037 790 ratio·

78 809 119 870 nis
137 810 267 874 nondum
289 811 454 888 babentes,
477 811 599 888 luriosi,
619 819 774 888 amentes,
791 832 847 895 per
869 814 983 896 seipsos
1006 817 1037 876 in

74 897 176 976 judicic
196 906 272 964 stare
293 909 450 983 nequeunt
466 907 614 982 tanquam
628 910 756 979 actores,
774 919 873 983 neque
891 908 1038 984 tanquam

80 987 130 1062 rei,
144 989 211 1068 quia
233 1008 287 1052 sua
302 991 373 1070 jura
392 991 534 1073 prosequi
556 997 608 1053 aut
626 989 788 1054 defendere
811 1009 872 1052 non
895 1000 1037 1074 possunt;

80 1075 190 1151 proinde
202 1079 275 1142 tales
290 1087 446 1161 nequeunt
463 1081 495 1140 in
512 1079 634 1159 judiciis
651 1078 861 1143 ecclesiasticis
875 1082 1037 1144 convenire

79 1171 121 1224 aut
139 1168 309 1246 conveniri3
339 1168 391 1230 sad
411 1186 517 1231 aarum
541 1169 607 1231 loco
624 1169 779 1232 conveniri
806 1177 858 1232 aut
877 1169 1038 1235 convenire

78 1250 176 1314 debent
188 1273 295 1318 eorum
306 1263 420 1320 tutores
433 1263 484 1320 aut
500 1265 663 1321 curatores.

112 1360 193 1422 5596.
214 1361 298 1424 idem
317 1368 362 1425 est
382 1361 565 1440 dicendum,
583 1381 619 1424 ex
634 1361 701 1444 lege
714 1363 902 1438 iustiniand,
923 1364 961 1426 de
975 1383 1039 1428 sur-

78 1442 118 1505 dis
129 1454 157 1508 at
175 1450 280 1526 mutis3
296 1451 350 1514 sed
363 1451 471 1513 meritd
487 1449 616 1513 dubitari
630 1457 727 1533 potest
741 1469 780 1514 an
793 1451 860 1517 baec
880 1453 1037 1534 legislatio,

81 1535 167 1612 quoad
178 1549 322 1618 personas
333 1558 402 1621 qua·
415 1539 597 1602 sufficienter
606 1539 720 1602 edoctae
729 1545 800 1603 sunt
814 1559 868 1622 per
883 1541 1039 1604 methodos

81 1623 181 1686 noviter
193 1625 349 1708 inventas,
364 1627 463 1690 adhuc
477 1626 566 1689 hodie
579 1634 766 1710 perseveret:
778 1628 878 1710 quoad
893 1648 943 1692 eas
957 1632 1038 1692 enim

82 1725 197 1778 mansee
210 1716 329 1781 videtur
343 1716 572 1780 fundamentum
586 1717 789 1798 incapacitatis
803 1720 820 1780 a
835 1718 900 1800 lege
910 1725 1037 1782 statutae.

114 1818 204 1881 «9591.-
214 1819 299 1884 Idem
317 1820 441 1884 sancivit
454 1819 502 1883 lex
515 1820 683 1883 iustiniana
696 1819 795 1904 quoad
811 1820 987 1884 interdictos
1001 1822 1040 1883 ob

83 1901 172 1966 vitium
193 1909 424 1991 prodigalitatis;
447 1917 477 1972 et
490 1909 555 1972 haec
579 1910 725 1991 legislatio
747 1909 932 1972 observanda
950 1915 995 1972 est
1009 1911 1040 1972 in

85 1988 184 2066 iudiciis
195 1997 403 2062 ecciesiasticis
426 1998 531 2061 saltem
547 1999 579 2060 in
599 1999 725 2061 materia
737 1999 840 2060 civili:
862 1997 900 2060 de
915 2000 1040 2060 materia

87 2081 145 2142 rard
154 2085 297 2150 criminali
313 2105 375 2150 non
389 2087 484 2170 liquet
493 2086 578 2167 (Vide
594 2087 690 2150 Bouix
702 2135 710 2166 ,
721 2087 810 2164 ib.,t.
827 2090 856 2164 1,
872 2106 902 2168 p.
921 2091 999 2167 169).

117 2187 267 2254 ibib—2⁶
278 2189 384 2264 Ouoad
395 2191 528 2253 minores
540 2209 548 2252 ι
560 2190 607 2253 vel
617 2197 687 2252 sunt
697 2188 870 2271 impuberes
879 2207 932 2252 seu
946 2189 1041 2253 minu

84 2289 124 2334 ns
134 2279 214 2342 anuis
224 2285 273 2358 tt,
289 2279 334 2344 rel
350 2286 420 2343 sunt
433 2281 551 2342 tantum
565 2279 698 2342 minores
712 2283 749 2342 95
761 2279 860 2341 anais.

115 2378 145 2442 ln
152 2383 248 2462 ptimo
262 2403 347 2461 casu,
363 2383 497 2446 minores
514 2389 670 2465 nequeunt
683 2401 736 2466 per·
754 2383 868 2466 seipsos
882 2381 913 2444 in
926 2381 1041 2462 iudicio
1157 2395 1159 2400 ’

83 2469 158 2546 aare,
173 2489 272 2556 neque
281 2473 314 2536 in
328 2471 544 2554 temporalibus
554 2491 653 2554 neque
662 2471 694 2534 in
706 2471 909 2553 spiritualibus
927 2472 1040 2548 causis;

84 2549 213 2640 ipsisque,
228 2563 256 2627 si
269 2569 374 2644 agatur
388 2561 426 2623 de
445 2561 543 2623 causis
562 2560 766 2642 spiritualibus
778 2560 824 2622 vel
839 2559 1043 2641 spiritualibus

84 2649 209 2727 noueris,
232 2657 354 2715 curator
367 2653 414 2712 est
426 2648 544 2712 dandus
562 2652 579 2712 a
597 2648 698 2729 judice
718 2647 939 2724 ecclesiastico,
956 2649 1042 2730 lipia·

84 2747 154 2814 copo
163 2757 282 2823 nempe,
298 2738 492 2816 vclOiiiciali,
507 2738 553 2801 vel
567 2738 626 2801 alio
640 2737 739 2818 judice
752 2735 899 2819 delegato.
912 2736 997 2800 Unda
1012 2738 1042 2800 in

84 2816 122 2882 bis
146 2829 247 2910 nequit
268 2847 300 2891 se
320 2827 518 2890 intromittere
542 2833 627 2909 pater
643 2825 689 2888 vel
713 2831 834 2890 curator
849 2825 1041 2908 temporalis:

86 2919 169 2987 potest
180 2923 281 2980 umen
290 2917 458 2999 Episcopus
472 2915 517 2977 vel
527 2915 603 2978 alius
615 2914 706 2995 judex
718 2914 938 2979 ecclesiasticus
947 2913 1043 2978 lacere

86 3007 247 3077 potestatem
266 3005 377 3068 minori
404 3004 456 3086 qui
477 3002 588 3068 infante
603 3005 698 3086 major
712 3010 804 3081 esset,
821 3010 854 3067 ut
872 3003 939 3066 loco
961 3023 1044 3066 cura-

88 3089 164 3170 toris,
184 3094 317 3177 aliquem
339 3093 396 3156 sibi
418 3100 645 3175 procuratorem
665 3094 836 3157 constituat.
857 3095 899 3156 lta
915 3110 983 3174 cap.
1007 3093 1045 3155 Si

88 3203 192 3270 aarum,
209 3192 245 3255 de
257 3191 402 3274 judiciis,
417 3191 450 3254 iu
463 3194 506 3255 6⁰.

121 3293 202 3358 5599.
223 3296 311 3374 Nota,
326 3293 427 3376 quoad
440 3310 546 3356 causas
564 3293 752 3370 criminales,
766 3292 849 3376 qudd
859 3289 965 3373 pupilli
979 3297 1044 3354 tan·

87 3391 169 3456 quam
180 3391 295 3447 actores
308 3381 423 3446 admitti
437 3382 554 3464 possint
567 3382 599 3444 in
613 3380 661 3444 his
673 3382 771 3445 causis
787 3381 818 3443 in
832 3379 943 3461 quibus
959 3380 1043 3444 delic

89 3468 145 3529 lum
166 3489 225 3535 noa
248 3478 350 3556 posset
369 3471 454 3534 aliter
473 3471 593 3554 probari
620 3471 722 3553 :quia
745 3469 860 3532 bonum
883 3486 1047 3533 commune

90 3556 168 3637 erigit
180 3569 211 3624 at
225 3557 430 3644 delictaplecti
444 3559 570 3642 possint.
587 3559 705 3638 (Bouix,
722 3557 909 3637 Deludiriia,
923 3563 998 3622 tom.
1016 3564 1046 3634 l,
