2466 4258
246 228 330 274 tinen
351 229 486 274 merrus
511 243 550 258 --
570 228 758 278 terremotus.
928 211 985 276 te:

25 343 986 427 tbillisreroquiexeliorumrelationcdeponunt,eritque-

30 452 68 495 ue
85 432 324 513 inquirendum,
342 433 492 514 aquibus
514 435 592 496 teles
608 435 773 498 beusertnt
800 436 929 498 notitias
943 454 986 510 ;e
1027 459 1030 466 ’

32 543 72 585 uo
87 529 229 603 tempore
244 523 329 584 teme
344 522 384 584 de
409 528 511 584 morte
527 524 655 604 vulgari
677 524 826 603 eoeperit;
852 529 885 588 et
909 527 985 605 quid

25 611 275 692 esisentiontde
291 611 451 690 probitate
477 617 509 676 et
537 613 753 676 credibilitete
778 631 901 690 eorum,
929 615 987 694 qui

25 701 156 764 rimitus
172 703 211 764 de
224 720 258 765 re
273 701 335 764 iste
348 707 424 764 eunt
437 702 560 782 loquuti
578 721 586 778 ;
604 709 713 766 utrum
728 703 780 766 isti
792 705 986 783 peculiarem

26 792 153 870 liquem
168 790 324 854 retionem
338 791 511 854 habuerint
524 799 582 853 eut
606 792 727 856 hebere
749 793 923 873 potuerint,
950 800 988 856 ut

24 883 105 942 ‚rtem
127 881 273 942 notitiam
289 880 485 958 evulgarent.
518 883 573 944 llis
597 881 747 962 cognitis,
773 881 806 944 in
829 881 986 961 judicium

28 969 143 1030 orandi
157 975 253 1034 erunt
266 975 363 1032 testes
381 969 515 1044 inducti,
530 977 560 1032 et
584 971 697 1032 eodem
727 971 823 1034 modo
848 971 985 1034 examini

26 1059 211 1139 objiciendi.
226 1063 263 1122 ut
277 1059 407 1122 tandem
422 1059 597 1140 eliqusndo
609 1059 659 1122 rel
673 1062 714 1120 ed
728 1065 824 1124 testes
846 1059 885 1124 de
900 1061 984 1135 risu,

23 1149 113 1210 'eled
136 1153 222 1210 certe
247 1147 442 1210 documento
468 1149 647 1212 obtinenda
673 1149 892 1228 perveniatur.
911 1151 988 1212 rini-

23 1237 308 1316 nedrertetjudex,
324 1255 365 1300 ne
375 1237 525 1300 admittet
538 1256 667 1319 eos‚qur
675 1243 791 1318 sponte
801 1239 842 1300 ed
852 1255 985 1302 examen

23 1327 213 1404 ¹coemerint,
224 1327 300 1406 quie
312 1328 482 1390 mendaces
497 1333 738 1408 praesumuntur
754 1346 763 1402 ;
779 1333 811 1391 et
837 1327 864 1390 si
882 1329 988 1408 requi-

25 1419 61 1478 iti
75 1417 207 1494 luerint,
223 1417 397 1496 quaereteb
410 1416 468 1491 eis,
485 1436 505 1480 e
519 1419 727 1497 quibusnam,
745 1417 812 1495 ubi,
841 1419 983 1496 quondo,

22 1519 183 1586 montoso,
197 1523 304 1569 eorem
317 1505 447 1584 quibus,
465 1512 497 1570 et
512 1511 639 1586 quoties
668 1506 787 1568 luerint
816 1507 983 1586 requisiti;

22 1604 121 1658 rtrum
135 1613 193 1676 pro
203 1595 264 1658 hoe
274 1596 454 1658 testimonio
479 1595 610 1658 terendo
640 1597 737 1660 luerit
760 1596 839 1676 ipsis
866 1597 987 1676 eliquid

22 1689 132 1760 tntum,
149 1703 352 1766 promissum,
379 1685 558 1757 remissum,
574 1685 626 1748 vel
640 1686 818 1750 obletume
841 1689 987 1766 personis

23 1783 165 1837 nteresse
179 1775 382 1840 habentibus,
399 1773 449 1835 uel
465 1774 505 1834 ab
517 1772 587 1834 eliis
602 1791 715 1836 eorum
742 1775 881 1840 nomine.
898 1777 989 1839 Simi-

23 1867 84 1926 iter
95 1867 320 1938 advertat,non
333 1880 401 1924 esse
412 1861 629 1924 admittendos
642 1867 752 1937 testes,
764 1864 988 1944 quipersonas,

21 1956 48 2015 te
69 1953 185 2034 quibus
214 1951 330 2030 egitur,
348 1951 442 2028 plene
476 1969 538 2013 non
565 1957 791 2029 cognoscent;
822 1956 855 2014 et
877 1971 991 2034 consp·

21 2055 146 2122 [uenter
161 2047 330 2105 extraneos
346 2061 409 2102 non
429 2059 498 2106 esse
514 2047 611 2103 testes
625 2040 769 2116 idoneos,
786 2040 847 2102 nisi
863 2042 989 2120 etongo

24 2151 153 2212 empore
166 2131 198 2192 in
209 2131 278 2194 loco
294 2131 423 2206 luerint,
438 2138 539 2194 eutex
549 2129 767 2210 peculiaribus
780 2131 990 2194 circumsten-

24 2225 61 2283 iis
75 2229 228 2301 appareat
242 2239 297 2284 eos
312 2221 527 2300 cognitionem
553 2221 675 2284 hebere
702 2219 843 2299 potuisse
872 2219 912 2284 de
937 2221 988 2298 lis,

21 2331 83 2393 pum
99 2315 258 2374 enarrent.
274 2309 363 2382 Quod
376 2313 403 2372 si
417 2315 515 2374 testes
523 2309 589 2372 sive
600 2311 638 2372 de
650 2309 732 2382 uisu,
748 2309 814 2372 siue
825 2309 864 2374 de
877 2310 990 2374 auditu
1077 2307 1082 2320 '

21 2401 122 2464 raheri
138 2420 202 2464 non
219 2405 382 2482 poterunt,
396 2399 638 2464 considerandae
654 2404 746 2462 erunt
775 2399 990 2462 circumsten-

25 2497 62 2554 ire
79 2510 186 2554 omnes
195 2491 227 2552 in
240 2489 323 2551 secto
339 2495 581 2564 concurrentes,
605 2493 639 2551 et
667 2487 837 2568 diligenter
865 2489 990 2569 ponde·

21 2581 132 2653 endae,
150 2583 186 2640 ut
199 2577 359 2652 rideatur,
377 2583 482 2640 utrum
497 2596 536 2640 ex
550 2577 681 2640 illerum
695 2577 864 2656 complexu
893 2596 991 2640 exur-

21 2688 87 2748 gere
99 2669 199 2748 possit
210 2664 340 2729 moralis
357 2663 412 2727 ille
423 2665 593 2742 certitudo,
610 2683 684 2745 quse
697 2667 880 2728 necessarie
894 2673 992 2730 estut

26 2758 164 2820 odicium
181 2757 372 2838 proferetur.
392 2755 493 2818 Porro
508 2754 757 2818 circumstantie
783 2753 853 2820 iste
880 2759 992 2838 preeei·

21 2865 85 2910 ture
98 2852 172 2908 sunt
188 2863 195 2908 :
211 2853 290 2908 retas
306 2862 464 2925 persone,
487 2863 557 2924 qure
574 2849 703 2906 mortue
727 2844 855 2922 dicitur,
883 2853 991 2912 utrum

21 2938 131 3012 senior,
147 2954 189 2998 en
200 2935 311 3014 junior
323 2935 422 2997 tuerit
439 2951 446 3008 ;
462 2940 592 3013 tempus
608 2933 754 3013 ejusdem
783 2935 948 2998 discessus
972 2956 992 2998 e

21 3027 115 3088 sutria
128 3031 158 3088 et
172 3023 304 3098 familie,
323 3030 430 3088 utrum
445 3025 575 3104 longius
589 3042 632 3086 en
652 3024 803 3100 brevius3
822 3023 922 3094 locus,
940 3025 991 3086 vel

25 3133 95 3185 oce,
110 3114 149 3174 ed
162 3133 232 3192 quae
251 3133 285 3176 se
303 3113 485 3188 contulerit,
502 3121 608 3176 utrum
625 3111 802 3176 valetudini
831 3112 991 3188 corporali

21 3203 117 3278 serie,
135 3219 175 3262 en
189 3208 220 3263 et
230 3203 346 3280 quibus
361 3203 633 3266 vicissitudinibus
643 3197 928 3279 subjectsfuerint‚
938 3219 989 3262 ex.

21 3313 61 3372 gr.
78 3308 152 3354 num
167 3287 283 3352 ibidem
295 3292 387 3368 belle,
402 3294 452 3356 vel
477 3292 668 3372 pestilentiae
690 3287 873 3366 smrierint3
904 3289 989 3368 ejus·

21 3386 83 3444 lem
93 3399 237 3460 personne
250 3379 381 3460 physice
392 3382 586 3454 constitutio,
599 3385 707 3442 utrum
720 3397 798 3441 sens
809 3378 990 3460 etrobuste,

21 3494 53 3534 ru
75 3469 189 3532 debilis
204 3469 384 3531 etinlrrme.
401 3471 465 3530 ltrit
480 3470 626 3532 similiter
637 3467 866 3548 perpendenda
879 3485 988 3544 censs,

21 3579 110 3646 luere
123 3579 139 3624 e
150 3559 282 3642 proprie
297 3558 599 3637 discesseritdemo,
615 3565 721 3622 utrum
744 3575 860 3640 nempe
875 3558 917 3622 ed
933 3578 991 3624 ne·
