2452 3984
195 261 252 321 258
413 273 552 320 urrunnu
571 273 672 320 rorrus
692 273 773 322 ruars
794 272 941 322 csxoxrcr.

193 390 244 436 sus
258 372 295 433 sit
316 370 435 434 realiter
456 369 636 452 degradatus
648 369 695 433 vel
713 371 872 451 bigamus,
886 371 932 434 vel
954 386 1139 452 exercenspu·

192 461 270 523 blice
284 459 417 523 officium
430 459 587 542 cauponis,
602 458 648 522 vel
663 459 834 536 macellarii,
850 458 896 522 rel
911 477 1060 536 scurrum,
1071 465 1097 520 et
1107 465 1143 520 ter
1205 489 1206 492 ¹

192 550 326 613 monitus
343 567 406 611 non
429 555 540 626 cesset3
561 547 606 610 vel
621 547 646 610 si
669 547 701 610 in
720 547 866 611 seditione
888 548 1143 631 deprehenderetur

192 645 324 704 armatus
337 643 368 702 et
388 637 578 701 crudelitates
591 655 735 700 exercens
748 639 825 720 (cap.
844 636 919 703 Cum
932 637 970 700 ob
982 637 1091 700 lentim
1103 639 1143 714 ll,

191 735 221 790 et
234 746 300 810 rap.
316 725 530 809 Perpendimus
542 729 592 804 23,
608 725 643 788 dc
653 735 726 788 sent.
739 731 892 806 excomm.)
904 747 913 805 ;
924 727 969 790 vel
984 727 1010 790 si
1024 727 1144 790 inventus

191 815 280 881 luerit
298 816 425 899 turpiter
436 833 528 899 agens
542 835 613 880 cunr
635 834 749 894 uxore,
764 821 869 887 matre,
887 833 1012 894 sorore,
1027 816 1072 879 uel
1084 813 1143 887 llil,

191 907 237 969 uel
251 905 276 968 si
290 905 449 980 mulierem
471 905 642 968 sollicitaret
655 903 693 968 ad
707 903 946 987 turpitudinem:
961 906 1035 990 quia
1048 901 1147 988 privile·

191 997 276 1078 gium
290 1001 364 1059 tunc
377 993 484 1060 amittit
507 996 583 1076 (cap.
601 993 640 1057 st
653 993 720 1058 uero*
742 998 772 1069 3,
793 993 827 1058 de
839 1002 913 1057 seut.
929 993 1095 1077 excomm).
1108 995 1147 1054 in

191 1093 292 1148 autern
306 1092 498 1150 excusaretur
512 1083 637 1146 maritus
650 1083 702 1166 qui
723 1101 756 1147 se
769 1102 808 1146 ex
822 1083 969 1147 industria
981 1083 1147 1158 occultaret,

191 1181 352 1256 expectans
365 1175 509 1238 clericum
523 1174 728 1256 ignorantem,
739 1191 803 1236 non
816 1173 895 1236 bene
904 1179 1041 1250 constat,
1057 1177 1086 1238 et
1097 1189 1151 1234 rec·
1207 1203 1208 1208 .

191 1265 251 1326 tilrs
265 1270 349 1346 putat
362 1265 393 1328 S.
410 1263 569 1344 Lignorius
583 1281 654 1326 eum
669 1281 732 1326 non
747 1263 885 1326 excusari
901 1262 1009 1342 (ibid).

231 1357 319 1416 6215.
343 1353 464 1426 Ouaerit.
495 1353 563 1430 An,
586 1352 722 1415 inomni
748 1370 840 1430 casu,
855 1353 888 1416 S.
904 1351 1041 1416 Pontifici
1066 1367 1150 1415 reser-

191 1448 256 1504 uata
276 1443 314 1504 sit
327 1441 599 1505 excommunicatio
618 1459 710 1524 quam
729 1441 889 1504 incurrunt
900 1439 1081 1505 clericorum
1095 1457 1152 1524 por

191 1531 409 1703 ouitsepggfires
422 1619 533 1702 gradus
545 1621 688 1704 distingui
703 1623 736 1684 in
750 1621 891 1705 gravitate
900 1619 991 1704 hujus
1003 1619 1151 1684 oriminis:

191 1709 248 1772 alia
268 1711 351 1773 enim
373 1717 418 1772 est
431 1711 586 1792 percussio
607 1730 674 1793 quae
689 1711 817 1774 habetur
833 1716 866 1774 ut
889 1711 1034 1780 cmrmisr
1050 1711 1106 1772 alia
1125 1713 1153 1770 ut

191 1799 406 1862 mediocrisseu
414 1799 771 1882 prouisruliatandemut
781 1798 1021 1882 leuis,quaetalis
1030 1805 1153 1862 attamen
1209 1849 1210 1884 3

191 1907 252 1951 non
267 1889 376 1952 dicitur
390 1889 471 1971 qudd
492 1887 529 1952 sit
542 1891 660 1952 tantiam
682 1887 1067 1972 peccatumocaiole,ci1m
1085 1904 1154 1950 nun·

191 1997 281 2062 quarn
306 1979 579 2042 excommunicatio
611 1978 708 2060 major
732 1977 825 2060 possit
851 1977 963 2040 incurri
983 1977 1024 2040 ob
1046 1975 1155 2042 reniale

190 2073 367 2149 peccatum,
393 2067 446 2129 sed
471 2067 542 2131 levis
563 2065 672 2130 dicitur
692 2085 744 2148 per
758 2067 1015 2151 comparationem
1036 2067 1074 2129 ad
1087 2067 1155 2129 olias

189 2177 291 2238 proves
305 2163 356 2219 aut
374 2176 503 2220 enormes
522 2157 742 2238 percussiones.
764 2159 808 2219 De
830 2157 889 2219 illis
908 2155 1005 2220 tribus
1018 2156 1156 2238 gradibus

191 2247 418 2326 percussionum
428 2243 566 2308 sichabet
578 2246 696 2307 Extrav.
706 2246 1155 2327 Perlectamraltespondemus
1210 2255 1211 2278 ³

189 2357 204 2393 a
229 2333 456 2415 percussionem
469 2333 566 2396 levem
583 2351 649 2396 esse
660 2335 771 2417 pugni,
787 2335 906 2417 palmae,
922 2337 1042 2413 manns,
1057 2335 1154 2417 pedis,

189 2447 204 2484 n
228 2423 328 2505 digiti,
342 2421 891 2506 autbaculi,autlapidis,quaenullam
898 2425 1155 2506 maculamneque

189 2535 204 2572 u
228 2513 470 2594 suggillationem
481 2512 620 2576 carnium
631 2513 783 2595 relinquit,
796 2531 897 2596 neque
906 2512 1055 2576 abscindit
1064 2531 1155 2578 mero·

188 2624 203 2662 u
229 2602 317 2666 hrum
332 2651 340 2682 ,
356 2603 421 2666 sine
434 2601 616 2667 extractione
630 2601 784 2682 dentium,
799 2601 865 2665 sine
879 2602 1034 2666 avulsione
1051 2601 1154 2666 multo·

188 2714 203 2750 u
228 2709 297 2753 rum
311 2691 575 2772 capillorum,sine
585 2691 730 2755 ellusione
745 2691 831 2756 multi
842 2692 1020 2774 sanguinis»
1032 2691 1154 2771 (talisest

189 2798 261 2860 ergo
284 2781 437 2861 percussio
460 2780 552 2858 Ievis).
575 2803 591 2840 u
612 2781 759 2844 Nolumus
776 2788 880 2843 tamen
894 2781 995 2843 dicere
1008 2781 1089 2863 qudd
1102 2779 1153 2842 hu-

188 2891 203 2930 n
225 2866 357 2948 jusmodi
373 2867 443 2930 levis
456 2870 647 2950 percussio...
668 2869 721 2932 fiat
733 2877 816 2932 utrcx
835 2869 875 2932 ob
896 2869 983 2932 multi
1002 2867 1151 2952 sanguinis

189 2981 203 3020 a
227 2957 415 3020 effusionem.
434 2956 479 3017 Ad
490 2957 690 3036 judicandum
706 2967 820 3036 tamen,
837 2977 905 3040 quae
920 2959 1002 3022 laesio
1015 2959 1054 3022 sit
1067 2959 1149 3034 leris,

187 3071 203 3110 a
227 3045 387 3111 mediocris
407 3052 458 3109 aut
477 3046 631 3126 enormis,
655 3047 795 3112 volumus
812 3047 972 3130 diligenter
990 3047 1149 3132 perpendi,

188 3159 202 3200 r
227 3156 288 3200 non
300 3135 397 3199 solum
410 3135 539 3214 lactum,
552 3135 707 3200 sedetiam
721 3137 894 3219 qualitatem
907 3140 972 3219 ejus
988 3145 1018 3200 ct
1031 3137 1150 3199 modum

188 3251 202 3288 a
228 3225 413 3310 percutiendi
427 3225 647 3288 cumomnibus
664 3227 726 3290 suis
744 3226 977 3290 circumstantiis
992 3226 1073 3304 loci,
1091 3240 1149 3308 per·

186 3339 201 3378 r
226 3335 323 3394 sonae,
337 3321 367 3377 et
377 3315 453 3379 aliis.
466 3315 611 3392 Personae,
626 3315 649 3376 si
661 3321 705 3378 cst
714 3316 866 3397 magister,
874 3315 984 3396 iudex.
999 3315 1147 3380 Praelatus.

187 3425 202 3463 u
227 3413 320 3484 pater,
333 3409 489 3487 patronus,
498 3409 549 3466 aut
558 3403 704 3485 ltignitas,
715 3423 876 3485 percussus
887 3405 1024 3485 injustae
1037 3401 1149 3468 subdito

187 3514 202 3548 a
227 3492 387 3553 nutabalio
402 3491 547 3570 seviliori,
557 3493 629 3573 quia
642 3511 681 3554 ex
693 3493 750 3556 hoc
760 3493 913 3556 interdum
922 3501 1151 3574 censenturgra·

187 3601 202 3636 a
227 3595 277 3637 xes
287 3579 414 3656 injuriae,
426 3599 494 3660 quae
505 3599 543 3642 ex
556 3598 589 3642 se
603 3587 673 3642 sunt
687 3581 765 3644 leves
778 3589 830 3644 aut
845 3581 1022 3646 mediocres.
1033 3584 1071 3642 Et
1083 3579 1151 3662 quia

187 3685 203 3722 s
227 3664 359 3724 conditio
373 3668 485 3742 negotii
504 3681 565 3728 non
579 3669 690 3746 patitur
711 3670 859 3748 integram
873 3667 1151 3734 determinationem
