2504 3990
178 195 230 251 tto
372 198 434 251 dolf
888 203 949 256 cort

175 312 295 370 qrratenns
316 293 396 358 valeat
415 307 549 375 Episcopus
570 295 726 370 admi-'sih
743 309 815 362 2518.
840 311 977 378 Approbari
1001 313 1077 365 debet
1102 314 1117 364 d
1138 315 1165 367 S·

175 385 276 436 nistmro
307 389 370 438 bona
401 389 651 447 confraternitatum
676 389 750 452 Sede,
761 390 832 442 6566
847 389 1156 446 Lextamensdhocohli

173 465 243 515 toto.
263 467 394 518 invaleat
412 468 547 536 Episcopus
567 467 652 535 prohi—
663 485 737 549 gans
751 471 1154 568 modificataestperconsuetudi

172 545 233 598 lrero
241 553 284 597 aut
296 549 444 615 restringere
453 549 523 600 solita
538 534 664 601 exercitia
677 567 742 612 nem,
752 552 824 604 2528.
836 553 886 605 Sed
894 570 957 622 errgr
951 554 1157 623 nequeuntcon

154 671 155 674 ,
172 633 197 679 et
212 643 244 678 en
262 629 340 696 possit
357 629 488 697 prohibere
504 613 665 696 flagellatio-
676 631 833 696 gregationes
846 633 970 699 religiosas
983 635 1079 703 absque
1092 637 1170 704 Epis-

173 725 245 774 nem,
263 709 333 761 lb'll.
352 713 389 762 dn
404 711 540 762 confratres
562 707 664 762 habere'
676 709 921 778 copilioeutidffltcitt
928 714 1157 783 Delegeprobibeu

172 800 264 862 queant
281 794 486 860 congregationes
507 791 560 843 siud
581 791 653 842 dele·
677 797 700 844 te
712 793 925 860 congregationes
942 797 1089 849 monialium
1102 799 1151 852 aba

172 883 230 942 gato
243 875 365 943 Episcopi,
378 876 448 926 tclc.
462 876 498 925 ln
512 873 565 925 sini
579 837 665 923 csrrsdl
676 889 725 938 que
736 872 850 926 clausuri
870 880 895 926 ct
910 874 976 928 rotis
996 877 1166 940 solemnibus,

174 957 283 1010 revocari
301 957 397 1023 possint
415 953 533 1022 capellani
551 953 653 1007 Contra·
663 927 665 1002 l
675 954 821 1006 2530-2532.
830 956 908 1008 Etiam
916 956 1042 1010 eruaclex
1054 959 1100 1010 fuit
1113 976 1170 1014 mo·

174 1041 335 1095 ternitntum
356 1037 536 1090 reluctantibus
553 1035 653 1087 confra-
678 1033 786 1098 dllicate,
797 1037 866 1087 2533.
878 1036 1010 1097 Quomodo
1020 1041 1168 1106 etquando

174 1119 261 1176 tribus,
275 1118 345 1168 sote.
359 1113 654 1182 lucapellenusconira·
663 1063 786 1183 lnam
751 1117 920 1184 apprhentur
939 1119 952 1170 d
972 1117 1098 1174 Guberuio
1121 1139 1169 1189 per

175 1197 310 1258 ternitatis,
336 1195 359 1246 ui
382 1193 819 1284 soliusnominationispdecretum
841 1199 1095 1275 compunctionem
1121 1221 1169 1272 per

174 1279 267 1344 ipsius,
291 1277 432 1326 facultatem
456 1275 544 1325 habeat
569 1272 654 1324 indul·
678 1278 772 1345 legem,
790 1281 861 1332 2588.
882 1283 916 1333 lle
936 1283 1167 1350 congregationum

172 1356 419 1464 gentiasapplicandi
436 1353 549 1415 rosariis,
562 1369 654 1420 scapu-
639 1316 812 1426 -lcapacilale
841 1361 946 1414 civiliter
968 1365 1115 1430 acquirendi
1141 1377 1168 1420 et

173 1439 249 1502 fariis,
263 1436 400 1498 etc.,lfi'li.
413 1435 535 1502 lnpossit
546 1435 654 1501 suppleri
664 1398 667 1476 l
678 1441 819 1506 possidendi
837 1479 843 1502 ‚
866 1443 959 1494 2589·
952 1482 958 1495 ,
982 1444 1038 1496 vide
1060 1446 1168 1500 epm.

174 1521 227 1572 sius
251 1518 351 1586 speciali
374 1517 474 1569 licentia
498 1531 543 1584 pro
566 1531 653 1581 recep·
676 1534 753 1573 urnas.
767 1521 841 1573 -ed
858 1531 932 1589 qoem
949 1523 974 1574 in
996 1523 1074 1578 cattis
1095 1527 1167 1580 hona

175 1603 241 1653 tione
253 1599 417 1660 confratrum,
431 1597 653 1649 roffenenensi
677 1601 880 1659 consmunitatum
893 1603 1056 1656 devolvantur
1065 1621 1093 1656 ex
1104 1610 1169 1673 jure

174 1681 392 1736 Confraternitates
404 1696 458 1747 quae
471 1678 654 1730 restitutaefue-
677 1681 743 1731 cirili
763 1682 787 1731 in
807 1697 866 1733 casu
886 1682 1043 1736 extinctionis
1060 1701 1166 1751 earum,

175 1771 232 1815 runt
245 1763 275 1814 ab
284 1762 414 1815 ordinario
427 1761 452 1812 in
466 1761 594 1814 Gellitsua
608 1759 655 1826 pri·
676 1761 748 1813 6566,
760 1765 795 1813 An
809 1763 868 1814 solas
878 1765 1088 1832 Congregationes
1102 1785 1168 1820 mu-

176 1845 262 1911 rilegis
276 1850 301 1895 et
312 1843 478 1908 indulgentias
490 1855 654 1906 recuperare·
678 1842 763 1893 lierum
780 1849 990 1908 recognoscantur
1005 1845 1019 1896 d
1035 1847 1167 1902 Gubernio

12 1907 25 1914 h
68 1913 70 1916 ¹
176 1925 233 1988 rint,
247 1924 316 1976 t6l5.
326 1926 362 1974 dn
373 1923 590 1976 confraternitates
599 1935 654 1987 pos·
677 1920 702 1971 in
712 1921 797 1983 Gallia,
806 1922 996 1982 2593ssuaenam
1005 1923 1037 1974 sit
1048 1925 1073 1976 in
1082 1926 1167 1979 Gallia

175 2011 223 2061 sint
243 2006 367 2059 transferri
384 2007 415 2058 do
433 2006 490 2056 loco
508 2004 533 2055 in
555 2003 653 2065 locum,
678 2001 787 2053 conditio
805 2001 883 2053 ciuilis
904 2003 1133 2070 congregationum
1151 2008 1165 2058 d

175 2091 244 2142 toto.
264 2093 299 2141 An
321 2087 538 2142 confraternitates
560 2083 656 2152 possint
677 2085 798 2151 gubernio
811 2101 860 2136 non
873 2086 1025 2153 agniturum,
1038 2087 1110 2139 2592.
1124 2092 1165 2142 fln

175 2174 293 2224 interesse
322 2168 521 2238 processionibus
553 2166 574 2218 si
605 2183 654 2218 non
680 2166 774 2234 possint
790 2168 936 2233 recognosci
953 2169 1165 2235 tanquamlnsti·

175 2253 224 2306 sint
233 2252 349 2314 invitate,
360 2250 429 2302 toti.
443 2251 479 2300 bu
492 2247 657 2300 confraterni·
679 2253 731 2298 tuta
745 2247 848 2313 publicae
862 2249 983 2310 utilitatis,
996 2249 1066 2300 6596.
1079 2253 1119 2301 An
1136 2251 1164 2303 iu

174 2340 237 2384 tates
249 2332 344 2399 possint
360 2327 472 2396 impediri
489 2343 520 2379 ne
538 2327 657 2380 accedent
679 2327 721 2380 tali
732 2343 790 2379 casu
802 2329 914 2380 Instituta
928 2329 1023 2396 possint
1038 2329 1102 2381 bona
1117 2349 1166 2383 ac-

176 2415 206 2466 ad
231 2415 316 2464 funera
339 2410 439 2479 quando
463 2409 493 2461 ab
516 2408 655 2461 heredibus
679 2411 790 2478 quirere,
809 2411 880 2462 6595.
900 2413 936 2463 lln
949 2413 1165 2478 congregationes

176 2495 276 2546 fuerunt
291 2491 410 2551 invitatae,
424 2491 493 2542 tots.
506 2491 543 2542 tin
557 2489 655 2543 confra·
680 2491 803 2556 religiosae
815 2497 945 2542 teneantur
962 2491 1095 2558 aliquando
1113 2495 1164 2546 do-

176 2575 302 2626 tenuitates
321 2572 416 2641 possint
438 2570 529 2623 hahere
549 2584 656 2636 congre·
680 2587 747 2622 mum
760 2571 851 2622 habero
863 2571 888 2622 in
902 2572 967 2624 Urbe
980 2571 1057 2624 liomc
1068 2612 1074 2636 ‚
1087 2573 1160 2626 2959.

176 2658 289 2726 gationcs
300 2655 354 2706 sine
367 2653 465 2705 licentii
482 2658 506 2703 et
518 2650 656 2703 assistentid
679 2654 716 2704 An
733 2651 859 2720 Episcopis
872 2653 1036 2718 subjiciantur
1047 2651 1163 2720 congre-

177 2738 292 2807 parochi,
313 2735 382 2787 sota.
400 2734 463 2796 Quid
483 2732 656 2800 praescripserit
680 2733 792 2800 gationcs
809 2733 917 2784 uirorum
935 2735 1016 2800 quoad
1036 2736 1163 2788 constitu·

178 2819 316 2874 Concilium
327 2814 497 2868 bremonense
515 2815 579 2866 circa
589 2816 655 2867 con·
680 2817 760 2868 tiones
782 2829 826 2882 pro
849 2814 885 2866 eis
912 2815 1057 2883 approbatas
1090 2817 1104 2867 d
1133 2819 1160 2870 S.

178 2901 355 2960 fraternitates,
368 2897 438 2950 tuso.
452 2897 487 2950 lle
503 2895 576 2947 variis
589 2894 656 2951 con·
680 2897 757 2960 Sede,
778 2897 849 2948 2960.
872 2899 908 2948 en
937 2897 1061 2964 pendeant
1078 2897 1161 2966 quoad

179 2979 470 3044 fraternitatibus,l681.
680 2979 840 3030 alienationes
863 2977 999 3038 bonorum,
1022 2979 1094 3032 etot.
1123 2981 1161 3032 An

210 3067 391 3119 concesserimo
402 3073 544 3114 amulum·
550 3061 612 3122 Quid
625 3060 657 3112 sit
680 3061 763 3128 quoad
775 3059 836 3111 elios
849 3065 919 3110 actus
929 3058 1052 3111 interioris
1060 3075 1161 3113 (econo-

181 3157 206 3206 et
220 3155 341 3217 quatenus
359 3145 391 3196 sit
412 3143 565 3207 necessaria,
585 3142 657 3194 icit·
680 3139 868 3202 elemosena
881 3141 1016 3207 Episcopus
1030 3141 1108 3207 possit
1119 3143 1160 3207 ju-

178 3233 249 3286 59l5.
681 3221 763 3272 dicore
776 3220 807 3272 de
824 3219 951 3270 validitate
965 3219 1094 3272 electionis
1112 3220 1163 3272 Su·

211 3313 376 3364 cosonsotno
393 3316 495 3358 cassum.
507 3303 586 3354 -An
603 3300 657 3366 cogi
682 3299 821 3367 periurum,
842 3299 912 3351 2963.
929 3301 966 3350 ln
986 3300 1016 3352 ab
1040 3301 1162 3368 Episcopo

181 3393 277 3460 possint
294 3387 394 3456 parochi
413 3385 443 3436 ad
463 3382 657 3434 interessendum
683 3382 801 3450 supprimi
820 3381 917 3432 valeant
933 3382 1022 3435 domus
1039 3383 1162 3450 religiose

182 3468 368 3536 congregationi
380 3481 482 3519 casuum
491 3462 658 3525 conscientie,
682 3462 811 3514 Institutid
824 3461 850 3514 S.
864 3463 928 3514 Sede
939 3463 1077 3530 approbati,
1090 3465 1160 3528 cccl,

185 3551 263 3602 fcto:
276 3549 507 3601 ridecouscrurrmn.
683 3548 719 3596 bn
736 3545 767 3595 ab
783 3543 905 3610 Episcopo
924 3543 1055 3611 approbari
1074 3545 1162 3596 debeat

28 3631 37 3639 “
77 3629 81 3632 ”
216 3631 382 3704 musarosno
399 3636 531 3679 seciorem.
549 3623 671 3710 {timp
684 3625 848 3693 confesarius
879 3625 1034 3678 &nicotrum
1062 3627 1161 3692 quaudo
