2452 3984
201 177 261 240 aar
422 196 561 246 nauuaur
580 197 684 250 ranas
702 198 786 248 runis
807 193 956 244 cancmcr.

201 291 328 356 violatur
341 293 459 358 tantirm
474 301 661 380 pracceptum
674 297 834 374 Ecclesiae,
850 295 882 358 in
906 312 968 376 quo
987 295 1084 376 potest
1101 309 1163 355 cen·

202 379 318 462 tingere
328 383 456 464 parvitas
471 385 615 448 matariae.
628 388 671 464 (S.
687 386 822 468 Liguor.,
838 384 891 461 lib,
903 387 934 461 3,
947 391 982 444 n⁰
996 385 1060 461 50.)

243 473 334 533 hihi.
352 472 473 545 Quaerit.
489 475 536 534 An
550 492 671 556 semper
686 493 722 539 ao
739 473 828 538 datur
840 469 1007 554 temporale
1020 488 1076 552 pro
1089 465 1164 550 spiri·

201 558 294 636 tuali,
310 559 357 624 vel
370 568 485 628 contra.
501 562 539 626 sit
551 563 705 630 simonia?

243 653 333 734 Resp.
353 654 384 714 {⁰
397 653 520 715 Certum
532 657 577 715 est
589 651 671 734 quad
685 653 710 716 si
724 651 803 717 adsit
818 650 928 732 aliquis
941 647 1096 730 legitimus
1108 647 1166 709 titu-

206 740 253 803 lus
267 739 452 804 axtrinsecus
461 741 499 804 ad
508 740 622 825 aliquid
636 741 824 806 offerendum
837 739 883 802 rel
898 735 1123 818 accipiendum,
1136 736 1166 796 ita

205 835 239 891 ut
250 829 416 910 temporale
430 847 492 892 non
506 830 595 894 detur
607 851 663 914 pro
677 830 823 914 spirituali
838 835 890 892 aut
907 827 970 890 vice
983 827 1071 888 varst
1083 873 1092 904 ,
1109 833 1167 886 tunc

207 937 268 980 non
283 918 367 981 adast
383 919 514 982 simonia
527 938 535 982 ε
546 939 576 984 v.
592 940 622 1002 g.
635 921 661 982 si
674 919 839 1001 temporale
853 917 941 980 detur
960 932 1022 978 non
1037 921 1169 996 unquam

207 1007 336 1088 pretium
351 1008 394 1070 rei
413 1007 592 1089 spiritualis,
608 1009 661 1072 sad
679 1015 823 1090 tanquam
842 1004 1027 1087 stipendium
1045 1020 1171 1084 persone

207 1097 238 1158 in
260 1097 387 1178 gratiam
410 1096 532 1160 alterius
546 1103 710 1179 occupatae.
730 1119 745 1158 u
760 1095 906 1177 Accipere
919 1099 972 1156 aut
984 1092 1057 1156 dare
1069 1089 1170 1172 aliquid

207 1203 301 1265 apro
334 1186 550 1249 sustentatione
578 1187 815 1252 ministrantium
844 1182 1014 1247 secundbm
1045 1181 1171 1244 ordinent

208 1294 223 1332 a
247 1273 389 1336 Ecclesiae
407 1281 437 1337 et
455 1275 707 1339 consuetudinem
729 1273 941 1358 approbatam,
957 1270 1073 1336 licitum
1089 1277 1131 1334 cst
1147 1293 1170 1346 r,

208 1361 307 1444 inquit
320 1363 351 1425 S.
367 1363 498 1427 Thomas
512 1367 558 1444 (2,
579 1368 611 1443 2,
627 1384 658 1448 q.
676 1368 744 1442 l00,
761 1369 817 1428 art.
833 1365 884 1442 3);
906 1361 999 1443 idque
1013 1361 1128 1438 currit,
1141 1357 1172 1420 ait

210 1452 240 1514 S.
266 1451 389 1533 Liguor.
409 1451 472 1532 (lib.
500 1455 540 1532 3,
566 1465 600 1515 n⁰
617 1456 683 1532 55),
704 1451 819 1516 etiamsi
842 1451 980 1514 minister
1007 1450 1045 1512 sit
1064 1448 1172 1512 aliunde

211 1539 344 1621 locuples
352 1559 390 1603 cx
399 1541 488 1605 honis
497 1541 682 1625 propriisvel
692 1540 911 1618 ecclesiasticis,
922 1539 994 1622 quia
999 1540 1087 1619 juxta
1098 1543 1171 1621 ,lpus

211 1629 262 1692 tol.
280 1631 310 1710 (l
323 1631 405 1709 Con,
420 1649 448 1694 c.
463 1633 495 1710 9,
509 1650 539 1695 v.
554 1634 596 1710 l),
608 1650 691 1694 namo
702 1629 816 1692 uolitat
828 1629 889 1692 auis
902 1627 1069 1710 rependite.

250 1721 340 1781 6152.
361 1721 404 1783 De
425 1719 477 1782 tali
496 1720 646 1802 stipendio
664 1725 761 1802 potest
781 1718 892 1801 pacisci
913 1737 976 1780 non
997 1717 1172 1780 obstantibus

211 1825 278 1888 cap.
295 1806 378 1870 linali
392 1809 437 1872 De
452 1809 565 1888 Paetis,
581 1815 611 1872 et
624 1828 691 1890 cap.
701 1809 741 1872 Si
751 1828 801 1871 nos
813 1856 821 1886 ,
831 1807 866 1870 dc
878 1806 1020 1869 simonie:
1037 1808 1110 1888 quia
1121 1806 1173 1868 hec

211 1897 340 1978 capitula
359 1904 430 1962 sunt
443 1897 637 1981 intelligenda
650 1898 688 1960 da
702 1899 796 1981 pactis
809 1896 975 1960 inhonestis
988 1897 1107 1958 tantum
1118 1945 1125 1973 ,
1138 1895 1173 1956 rel

212 1985 270 2050 illis
284 2005 338 2070 per
350 1987 532 2050 contrariam
545 1986 798 2052 consuetudinem
809 1985 865 2050 luit
877 1985 1070 2067 derogatum.
1084 1987 1126 2064 (S.
1140 1987 1173 2046 li·

212 2095 313 2159 guar„
329 2075 382 2140 lib.
398 2080 429 2156 3,
445 2085 480 2138 n⁰
492 2081 557 2156 55.)

252 2167 342 2227 6153.
368 2166 442 2227 ltem
464 2163 578 2247 aliquid
600 2165 735 2248 recipere
757 2170 810 2229 aut
825 2164 898 2228 darc
920 2161 992 2227 licat
1008 2181 1067 2246 pro
1085 2163 1174 2226 labore

213 2253 379 2317 extrinseco
399 2254 450 2336 qui
467 2255 506 2316 sit
519 2254 616 2336 pretio
633 2254 836 2331 estimahilis3
861 2254 933 2316 item
956 2253 989 2316 in
1007 2252 1174 2336 recognitio·

213 2361 284 2406 nem
307 2341 495 2424 gratitudinis
513 2341 553 2406 oh
573 2343 754 2426 obsequium
768 2342 952 2426 prestitum3
973 2343 1047 2406 itam
1068 2361 1128 2404 uon
1142 2347 1177 2404 est

214 2432 343 2494 simonia
364 2430 446 2514 quod
468 2432 637 2514 Episcopus
659 2433 748 2496 alicui
772 2431 906 2496 conferat
930 2431 1131 2504 bononorum,
1151 2435 1177 2492 ut

214 2541 246 2584 se
264 2520 388 2584 honeste
407 2527 554 2585 sustentet
568 2541 576 2584 :
592 2522 655 2584 imo
668 2539 725 2585 nec
743 2527 821 2585 esset
832 2521 980 2600 simonia,
999 2521 1134 2604 quamvis
1152 2522 1176 2580 iu

215 2629 251 2672 eo
271 2617 350 2673 asset
370 2629 458 2692 grava
480 2620 657 2692 peccatum,
678 2611 704 2674 si
726 2609 801 2674 illud
819 2611 970 2674 conferret
988 2612 1081 2693 gratis
1098 2611 1177 2674 ctiam

215 2697 367 2779 indigno,
403 2699 466 2762 sola
498 2701 614 2763 ratione
652 2701 922 2782 consanguinitatis
956 2700 1004 2763 rel
1038 2701 1175 2764 amicitie.

215 2787 258 2865 (S.
273 2785 414 2865 Thomas,
430 2791 460 2867 2,
476 2793 506 2862 2,
521 2807 553 2870 q.
570 2792 639 2862 tou.
654 2795 710 2852 art.
722 2792 753 2867 5,
768 2789 806 2852 ad
817 2792 861 2868 2.)

256 2877 345 2938 6554.
360 2877 451 2958 Hesp.
468 2881 499 2940 2⁰
518 2876 577 2940 Ubi
592 2877 677 2940 deest
696 2877 806 2959 aliquis
817 2878 925 2941 titulus
947 2878 1131 2942 extrinsecus
1149 2881 1177 2938 ut

217 2982 326 3046 supra,
342 2965 367 3027 si
382 2965 496 3048 aliquid
510 2970 667 3048 praestetur
680 2966 744 3029 solo
759 2967 869 3030 intuitu
882 2967 1057 3032 obtinendae
1076 2969 1115 3032 rei
1128 2967 1178 3047 spi

217 3053 332 3116 ritualis
349 3054 395 3118 vel
413 3059 536 3132 contra,
556 3055 768 3137 presumenda
785 3061 861 3120 tunc
877 3063 922 3120 est
939 3057 1067 3122 intentio
1085 3057 1175 3120 saltem

217 3141 380 3205 virtualiter
393 3144 578 3206 simoniaca:
592 3144 707 3208 scilicet
719 3145 926 3208 commutandi
940 3148 1105 3229 temporale
1116 3162 1175 3208 cum

219 3231 383 3312 spirituali,
398 3232 455 3294 nisi
471 3237 589 3296 constet
600 3231 639 3296 de
650 3233 808 3317 opposito,
822 3236 868 3299 rel
882 3235 967 3298 aliter
980 3237 1133 3320 colligatur
1144 3253 1176 3296 cx

220 3321 468 3400 circumstantiis,
490 3339 601 3404 nempe
628 3341 666 3387 ex
687 3325 831 3406 parvitate
850 3325 1004 3406 muneris,
1024 3345 1063 3390 cx
1083 3327 1176 3410 pietate

220 3409 266 3468 rel
282 3409 433 3472 nobilitate
447 3410 562 3488 dantis,
578 3418 656 3476 etc:
671 3421 702 3475 et
716 3413 773 3476 hoc
788 3422 953 3478 constater
967 3433 1034 3497 cap.
1055 3415 1113 3479 rue
1125 3430 1174 3488 nce,

222 3493 382 3556 desimam:
398 3499 459 3558 uEt
474 3499 604 3562 maxima
614 3503 718 3580 nequit
731 3504 866 3565 excusari
879 3507 896 3565 h
909 3505 1039 3566 simonia
1049 3499 1174 3572 mentali,

224 3600 239 3636 ι
264 3580 351 3660 isqui
366 3585 516 3664 Episcopo
530 3587 620 3666 gratis
635 3589 789 3652 inserviret
798 3590 900 3654 auimo
909 3608 979 3655 eum
990 3587 1133 3672 obligandi
1144 3603 1174 3646 et
