<?xml version="1.0" encoding="UTF-8"?>
<!DOCTYPE html PUBLIC "-//W3C//DTD XHTML 1.0 Transitional//EN"
    "http://www.w3.org/TR/xhtml1/DTD/xhtml1-transitional.dtd">
<html xmlns="http://www.w3.org/1999/xhtml" xml:lang="en" lang="en">
 <head>
  <title>
</title>
<meta http-equiv="Content-Type" content="text/html;charset=utf-8" />
  <meta name='ocr-system' content='tesseract 3.04.00' />
  <meta name='ocr-capabilities' content='ocr_page ocr_carea ocr_par ocr_line ocrx_word'/>
</head>
<body>
  <div class='ocr_page' id='page_1' title='image "./manualetotiusju02craigoog/manualetotiusju02craigoog_0335.png"; bbox 0 0 2548 3988; ppageno 0'>
   <div class='ocr_carea' id='block_1_1' title="bbox 167 133 1253 324">
    <p class='ocr_par' dir='ltr' id='par_1_1' title="bbox 167 133 1253 324">
     <span class='ocr_line' id='line_1_1' title="bbox 169 133 1253 216; baseline -0.012 -19"><span class='ocrx_word' id='word_1_1' title='bbox 169 133 228 197; x_wconf 66' lang='lat'>326</span> <span class='ocrx_word' id='word_1_2' title='bbox 388 142 528 192; x_wconf 75' lang='lat' dir='ltr'>usurus</span> <span class='ocrx_word' id='word_1_3' title='bbox 547 141 648 192; x_wconf 83' lang='lat' dir='ltr'>sonus</span> <span class='ocrx_word' id='word_1_4' title='bbox 668 141 749 190; x_wconf 80' lang='lat' dir='ltr'>runis</span> <span class='ocrx_word' id='word_1_5' title='bbox 769 139 918 189; x_wconf 83' lang='lat' dir='ltr'>cruorum.</span> <span class='ocrx_word' id='word_1_6' title='bbox 1252 191 1253 216; x_wconf 30' lang='lat'>3</span> 
     </span>
     <span class='ocr_line' id='line_1_2' title="bbox 167 235 1253 324; baseline -0.01 -21"><span class='ocrx_word' id='word_1_7' title='bbox 167 242 278 324; x_wconf 90' lang='lat' dir='ltr'>pariter</span> <span class='ocrx_word' id='word_1_8' title='bbox 291 258 359 323; x_wconf 88' lang='lat' dir='ltr'>cap.</span> <span class='ocrx_word' id='word_1_9' title='bbox 378 239 493 316; x_wconf 80' lang='lat' dir='ltr'>Tanta,</span> <span class='ocrx_word' id='word_1_10' title='bbox 508 237 578 301; x_wconf 89' lang='lat' dir='ltr'>dist.</span> <span class='ocrx_word' id='word_1_11' title='bbox 593 240 649 316; x_wconf 82' lang='grc'>86,</span> <span class='ocrx_word' id='word_1_12' title='bbox 664 235 762 301; x_wconf 81' lang='lat' dir='ltr'>ubis.</span> <span class='ocrx_word' id='word_1_13' title='bbox 778 235 940 317; x_wconf 77' lang='lat' dir='ltr'>Gregorius</span> <span class='ocrx_word' id='word_1_14' title='bbox 960 251 1142 300; x_wconf 80' lang='lat' dir='ltr'>excommu·</span> <span class='ocrx_word' id='word_1_15' title='bbox 1252 235 1253 292; x_wconf 68' lang='grc' dir='ltr'><strong>ξ</strong></span> 
     </span>
    </p>
   </div>
   <div class='ocr_carea' id='block_1_2' title="bbox 167 325 1253 512">
    <p class='ocr_par' dir='ltr' id='par_1_2' title="bbox 167 315 1253 512">
     <span class='ocr_line' id='line_1_3' title="bbox 167 325 1141 412; baseline -0.004 -20"><span class='ocrx_word' id='word_1_16' title='bbox 167 338 215 392; x_wconf 89' lang='lat' dir='ltr'>cat</span> <span class='ocrx_word' id='word_1_17' title='bbox 226 328 374 412; x_wconf 86' lang='lat' dir='ltr'>quosdam</span> <span class='ocrx_word' id='word_1_18' title='bbox 388 329 454 392; x_wconf 80' lang='lat' dir='ltr'>sind</span> <span class='ocrx_word' id='word_1_19' title='bbox 467 327 635 390; x_wconf 90' lang='lat' dir='ltr'>monitione</span> <span class='ocrx_word' id='word_1_20' title='bbox 649 325 688 389; x_wconf 90' lang='lat' dir='ltr'>ob</span> <span class='ocrx_word' id='word_1_21' title='bbox 702 325 819 388; x_wconf 81' lang='lat' dir='ltr'><strong>crimen</strong></span> <span class='ocrx_word' id='word_1_22' title='bbox 830 325 894 404; x_wconf 73' lang='lat' dir='ltr'>iam</span> <span class='ocrx_word' id='word_1_23' title='bbox 908 329 1074 407; x_wconf 68' lang='lat' dir='ltr'>patratum</span> <span class='ocrx_word' id='word_1_24' title='bbox 1087 325 1141 389; x_wconf 89' lang='lat' dir='ltr'>sed</span> 
     </span>
     <span class='ocr_line' id='line_1_4' title="bbox 169 412 1253 512; baseline -0.002 -34"><span class='ocrx_word' id='word_1_25' title='bbox 169 418 368 500; x_wconf 90' lang='lat' dir='ltr'>respondetur</span> <span class='ocrx_word' id='word_1_26' title='bbox 385 417 469 500; x_wconf 83' lang='lat' dir='ltr'>qudd</span> <span class='ocrx_word' id='word_1_27' title='bbox 483 417 539 480; x_wconf 87' lang='lat' dir='ltr'>iste</span> <span class='ocrx_word' id='word_1_28' title='bbox 561 433 660 480; x_wconf 83' lang='lat' dir='ltr'>canon</span> <span class='ocrx_word' id='word_1_29' title='bbox 674 413 801 496; x_wconf 73' lang='lat' dir='ltr'>intelligi</span> <span class='ocrx_word' id='word_1_30' title='bbox 821 413 915 496; x_wconf 80' lang='lat' dir='ltr'>possit</span> <span class='ocrx_word' id='word_1_31' title='bbox 937 412 977 476; x_wconf 86' lang='lat' dir='ltr'>dc</span> <span class='ocrx_word' id='word_1_32' title='bbox 998 413 1064 476; x_wconf 78' lang='lat' dir='ltr'>solt</span> <span class='ocrx_word' id='word_1_33' title='bbox 1082 413 1144 496; x_wconf 90' lang='lat' dir='ltr'>pri·</span> <span class='ocrx_word' id='word_1_34' title='bbox 1252 433 1253 512; x_wconf 56' lang='lat' dir='ltr'>j</span> 
     </span>
    </p>
   </div>
   <div class='ocr_carea' id='block_1_3' title="bbox 167 503 1144 587">
    <p class='ocr_par' dir='ltr' id='par_1_3' title="bbox 167 503 1144 587">
     <span class='ocr_line' id='line_1_5' title="bbox 167 503 1144 587; baseline -0.002 -19"><span class='ocrx_word' id='word_1_35' title='bbox 167 505 286 569; x_wconf 86' lang='lat' dir='ltr'>vatione</span> <span class='ocrx_word' id='word_1_36' title='bbox 299 506 503 580; x_wconf 76' lang='lat' dir='ltr'>Eucharistiae,</span> <span class='ocrx_word' id='word_1_37' title='bbox 520 522 590 587; x_wconf 80' lang='lat' dir='ltr'>quae</span> <span class='ocrx_word' id='word_1_38' title='bbox 605 521 666 568; x_wconf 89' lang='lat' dir='ltr'>non</span> <span class='ocrx_word' id='word_1_39' title='bbox 678 510 723 566; x_wconf 89' lang='lat' dir='ltr'>est</span> <span class='ocrx_word' id='word_1_40' title='bbox 736 503 1010 566; x_wconf 72' lang='lat' dir='ltr'>excommunicatio</span> <span class='ocrx_word' id='word_1_41' title='bbox 1019 505 1144 586; x_wconf 75' lang='lat' dir='ltr'>proprie</span> 
     </span>
    </p>
   </div>
   <div class='ocr_carea' id='block_1_4' title="bbox 167 589 1253 678">
    <p class='ocr_par' dir='ltr' id='par_1_4' title="bbox 167 589 1253 678">
     <span class='ocr_line' id='line_1_6' title="bbox 167 589 1253 678; baseline 0.004 -22"><span class='ocrx_word' id='word_1_42' title='bbox 167 593 247 658; x_wconf 78' lang='lat' dir='ltr'>dicte</span> <span class='ocrx_word' id='word_1_43' title='bbox 261 597 303 672; x_wconf 85' lang='lat' dir='ltr'>(S.</span> <span class='ocrx_word' id='word_1_44' title='bbox 329 596 463 678; x_wconf 62' lang='lat' dir='ltr'>Ligucrq</span> <span class='ocrx_word' id='word_1_45' title='bbox 478 595 531 657; x_wconf 91' lang='lat' dir='ltr'>lib.</span> <span class='ocrx_word' id='word_1_46' title='bbox 555 599 596 672; x_wconf 75' lang='grc' dir='ltr'>Ἰ,</span> <span class='ocrx_word' id='word_1_47' title='bbox 618 595 651 654; x_wconf 74' lang='lat' dir='ltr'>n⁰</span> <span class='ocrx_word' id='word_1_48' title='bbox 664 595 731 671; x_wconf 81' lang='lat'>53);</span> <span class='ocrx_word' id='word_1_49' title='bbox 754 591 814 654; x_wconf 91' lang='lat' dir='ltr'>dici</span> <span class='ocrx_word' id='word_1_50' title='bbox 827 591 918 665; x_wconf 79' lang='lat' dir='ltr'>ctiam</span> <span class='ocrx_word' id='word_1_51' title='bbox 932 597 1029 676; x_wconf 73' lang='lat' dir='ltr'>potae</span> <span class='ocrx_word' id='word_1_52' title='bbox 1048 611 1144 677; x_wconf 78' lang='lat' dir='ltr'>super</span> <span class='ocrx_word' id='word_1_53' title='bbox 1252 589 1253 600; x_wconf 41' lang='lat'><strong>³</strong></span> 
     </span>
    </p>
   </div>
   <div class='ocr_carea' id='block_1_5' title="bbox 168 680 1253 852">
    <p class='ocr_par' dir='ltr' id='par_1_5' title="bbox 168 680 1253 852">
     <span class='ocr_line' id='line_1_7' title="bbox 168 680 1253 772; baseline 0 -26"><span class='ocrx_word' id='word_1_54' title='bbox 168 682 226 756; x_wconf 89' lang='lat' dir='ltr'>hoc</span> <span class='ocrx_word' id='word_1_55' title='bbox 238 684 444 768; x_wconf 85' lang='lat' dir='ltr'>dispensatum</span> <span class='ocrx_word' id='word_1_56' title='bbox 458 683 626 750; x_wconf 65' lang='lat' dir='ltr'>luisses,</span> <span class='ocrx_word' id='word_1_57' title='bbox 643 680 799 746; x_wconf 84' lang='lat' dir='ltr'>Pontificc.</span> <span class='ocrx_word' id='word_1_58' title='bbox 1252 741 1253 772; x_wconf 29' lang='lat' dir='ltr'>q</span> 
     </span>
     <span class='ocr_line' id='line_1_8' title="bbox 208 769 1253 852; baseline 0.002 -16"><span class='ocrx_word' id='word_1_59' title='bbox 208 777 299 837; x_wconf 83' lang='lat' dir='ltr'>6lll.</span> <span class='ocrx_word' id='word_1_60' title='bbox 321 775 448 838; x_wconf 86' lang='lat' dir='ltr'>Monitio</span> <span class='ocrx_word' id='word_1_61' title='bbox 461 781 563 845; x_wconf 71' lang='lat' dir='ltr'>umen</span> <span class='ocrx_word' id='word_1_62' title='bbox 582 771 722 837; x_wconf 83' lang='lat' dir='ltr'>distincta</span> <span class='ocrx_word' id='word_1_63' title='bbox 741 771 760 834; x_wconf 75' lang='lat' dir='ltr'>a</span> <span class='ocrx_word' id='word_1_64' title='bbox 782 769 848 852; x_wconf 86' lang='lat' dir='ltr'>lege</span> <span class='ocrx_word' id='word_1_65' title='bbox 860 769 906 834; x_wconf 87' lang='lat' dir='ltr'>vel</span> <span class='ocrx_word' id='word_1_66' title='bbox 921 771 1063 835; x_wconf 77' lang='lat' dir='ltr'>mandato</span> <span class='ocrx_word' id='word_1_67' title='bbox 1077 792 1142 838; x_wconf 83' lang='lat' dir='ltr'>uon</span> <span class='ocrx_word' id='word_1_68' title='bbox 1252 789 1253 798; x_wconf 58' lang='lat'>¹</span> 
     </span>
    </p>
   </div>
   <div class='ocr_carea' id='block_1_6' title="bbox 169 859 1253 1211">
    <p class='ocr_par' dir='ltr' id='par_1_6' title="bbox 169 859 1253 1126">
     <span class='ocr_line' id='line_1_9' title="bbox 169 859 1143 947; baseline 0.001 -21"><span class='ocrx_word' id='word_1_69' title='bbox 169 863 330 944; x_wconf 82' lang='lat' dir='ltr'>requiritur</span> <span class='ocrx_word' id='word_1_70' title='bbox 351 862 473 947; x_wconf 90' lang='lat' dir='ltr'>quando</span> <span class='ocrx_word' id='word_1_71' title='bbox 495 879 622 926; x_wconf 89' lang='lat' dir='ltr'>censura</span> <span class='ocrx_word' id='word_1_72' title='bbox 642 867 687 924; x_wconf 90' lang='lat' dir='ltr'>est</span> <span class='ocrx_word' id='word_1_73' title='bbox 706 859 777 924; x_wconf 72' lang='lat' dir='ltr'>tare</span> <span class='ocrx_word' id='word_1_74' title='bbox 795 861 960 939; x_wconf 61' lang='lat' dir='ltr'>enuntio,</span> <span class='ocrx_word' id='word_1_75' title='bbox 977 866 1011 924; x_wconf 89' lang='lat' dir='ltr'>ut</span> <span class='ocrx_word' id='word_1_76' title='bbox 1024 869 1143 928; x_wconf 85' lang='lat' dir='ltr'>constat</span> 
     </span>
     <span class='ocr_line' id='line_1_10' title="bbox 169 947 1253 1036; baseline -0.002 -23"><span class='ocrx_word' id='word_1_77' title='bbox 169 969 207 1014; x_wconf 87' lang='lat' dir='ltr'>ex</span> <span class='ocrx_word' id='word_1_78' title='bbox 216 952 283 1016; x_wconf 89' lang='lat' dir='ltr'>eod.</span> <span class='ocrx_word' id='word_1_79' title='bbox 296 972 362 1036; x_wconf 87' lang='lat' dir='ltr'>cap.</span> <span class='ocrx_word' id='word_1_80' title='bbox 375 950 627 1036; x_wconf 71' lang='lat' dir='ltr'>Repretenrttttts</span> <span class='ocrx_word' id='word_1_81' title='bbox 636 948 805 1018; x_wconf 86' lang='lat' dir='ltr'>ubidicitur</span> <span class='ocrx_word' id='word_1_82' title='bbox 816 969 823 1011; x_wconf 94' lang='lat'><strong>:</strong></span> <span class='ocrx_word' id='word_1_83' title='bbox 836 947 923 1012; x_wconf 71' lang='lat' dir='ltr'>«Nisi</span> <span class='ocrx_word' id='word_1_84' title='bbox 933 949 1143 1035; x_wconf 80' lang='lat' dir='ltr'>talissitculpa</span> <span class='ocrx_word' id='word_1_85' title='bbox 1252 963 1253 1032; x_wconf 40' lang='grc' dir='ltr'>ᾗ</span> 
     </span>
     <span class='ocr_line' id='line_1_11' title="bbox 169 1039 1139 1126; baseline -0.002 -23"><span class='ocrx_word' id='word_1_86' title='bbox 169 1061 184 1102; x_wconf 76' lang='grc' dir='ltr'><strong><em>ι</em></strong></span> <span class='ocrx_word' id='word_1_87' title='bbox 202 1060 270 1124; x_wconf 84' lang='lat' dir='ltr'>quae</span> <span class='ocrx_word' id='word_1_88' title='bbox 279 1042 405 1126; x_wconf 87' lang='lat' dir='ltr'>ipsosne</span> <span class='ocrx_word' id='word_1_89' title='bbox 416 1061 527 1124; x_wconf 85' lang='lat' dir='ltr'>genere</span> <span class='ocrx_word' id='word_1_90' title='bbox 536 1039 755 1124; x_wconf 84' lang='lat' dir='ltr'>suspensionis,</span> <span class='ocrx_word' id='word_1_91' title='bbox 765 1046 966 1122; x_wconf 88' lang='lat' dir='ltr'>ete.‚poenam</span> <span class='ocrx_word' id='word_1_92' title='bbox 976 1039 1139 1104; x_wconf 77' lang='lat' dir='ltr'>inducat.»</span> 
     </span>
    </p>

    <p class='ocr_par' dir='ltr' id='par_1_7' title="bbox 210 1127 1253 1211">
     <span class='ocr_line' id='line_1_12' title="bbox 210 1127 1253 1211; baseline 0.002 -19"><span class='ocrx_word' id='word_1_93' title='bbox 210 1130 269 1194; x_wconf 82' lang='lat' dir='ltr'>Sed</span> <span class='ocrx_word' id='word_1_94' title='bbox 282 1131 307 1194; x_wconf 91' lang='lat' dir='ltr'>si</span> <span class='ocrx_word' id='word_1_95' title='bbox 322 1150 450 1197; x_wconf 87' lang='lat' dir='ltr'>censura</span> <span class='ocrx_word' id='word_1_96' title='bbox 461 1133 500 1194; x_wconf 90' lang='lat' dir='ltr'>sit</span> <span class='ocrx_word' id='word_1_97' title='bbox 511 1128 926 1211; x_wconf 76' lang='lat' dir='ltr'>tantumcomminututlege</span> <span class='ocrx_word' id='word_1_98' title='bbox 939 1129 1144 1211; x_wconf 86' lang='lat' dir='ltr'>requiriturne</span> <span class='ocrx_word' id='word_1_99' title='bbox 1252 1127 1253 1162; x_wconf 70' lang='lat' dir='ltr'>r</span> 
     </span>
    </p>
   </div>
   <div class='ocr_carea' id='block_1_7' title="bbox 171 1220 1253 1480">
    <p class='ocr_par' dir='ltr' id='par_1_8' title="bbox 171 1220 1253 1480">
     <span class='ocr_line' id='line_1_13' title="bbox 174 1220 1253 1296; baseline 0.006 -14"><span class='ocrx_word' id='word_1_100' title='bbox 174 1223 244 1282; x_wconf 86' lang='lat' dir='ltr'>tunc</span> <span class='ocrx_word' id='word_1_101' title='bbox 259 1221 385 1282; x_wconf 88' lang='lat' dir='ltr'>monitio</span> <span class='ocrx_word' id='word_1_102' title='bbox 398 1220 563 1286; x_wconf 78' lang='lat' dir='ltr'>distincta?</span> <span class='ocrx_word' id='word_1_103' title='bbox 1252 1261 1253 1296; x_wconf 73' lang='lat' dir='ltr'>r</span> 
     </span>
     <span class='ocr_line' id='line_1_14' title="bbox 210 1297 1253 1392; baseline -0.004 -16"><span class='ocrx_word' id='word_1_104' title='bbox 210 1309 300 1390; x_wconf 80' lang='lat' dir='ltr'>Resp.</span> <span class='ocrx_word' id='word_1_105' title='bbox 317 1309 348 1372; x_wconf 93' lang='lat' dir='ltr'>Si</span> <span class='ocrx_word' id='word_1_106' title='bbox 361 1325 490 1374; x_wconf 83' lang='lat' dir='ltr'>censura</span> <span class='ocrx_word' id='word_1_107' title='bbox 503 1310 615 1376; x_wconf 82' lang='lat' dir='ltr'>teratur</span> <span class='ocrx_word' id='word_1_108' title='bbox 628 1307 822 1392; x_wconf 78' lang='lat' dir='ltr'>posmodum</span> <span class='ocrx_word' id='word_1_109' title='bbox 835 1325 924 1372; x_wconf 72' lang='lat' dir='ltr'>mora</span> <span class='ocrx_word' id='word_1_110' title='bbox 939 1307 1140 1391; x_wconf 78' lang='lat' dir='ltr'>perroeoindi</span> <span class='ocrx_word' id='word_1_111' title='bbox 1252 1297 1253 1342; x_wconf 58' lang='lat'>³</span> 
     </span>
     <span class='ocr_line' id='line_1_15' title="bbox 171 1396 1143 1480; baseline 0.006 -24"><span class='ocrx_word' id='word_1_112' title='bbox 171 1396 294 1475; x_wconf 71' lang='lat' dir='ltr'>sativos,</span> <span class='ocrx_word' id='word_1_113' title='bbox 318 1406 385 1480; x_wconf 85' lang='lat' dir='ltr'>post</span> <span class='ocrx_word' id='word_1_114' title='bbox 398 1399 595 1464; x_wconf 88' lang='lat' dir='ltr'>commissum</span> <span class='ocrx_word' id='word_1_115' title='bbox 608 1397 774 1476; x_wconf 88' lang='lat' dir='ltr'>delictum,</span> <span class='ocrx_word' id='word_1_116' title='bbox 797 1403 887 1478; x_wconf 88' lang='lat' dir='ltr'>prout</span> <span class='ocrx_word' id='word_1_117' title='bbox 916 1396 986 1459; x_wconf 83' lang='lat' dir='ltr'>ferri</span> <span class='ocrx_word' id='word_1_118' title='bbox 1015 1403 1143 1480; x_wconf 88' lang='lat' dir='ltr'>possunt</span> 
     </span>
    </p>
   </div>
   <div class='ocr_carea' id='block_1_8' title="bbox 172 1485 1253 1568">
    <p class='ocr_par' dir='ltr' id='par_1_9' title="bbox 172 1485 1253 1568">
     <span class='ocr_line' id='line_1_16' title="bbox 172 1485 1253 1568; baseline 0.006 -22"><span class='ocrx_word' id='word_1_119' title='bbox 172 1487 386 1568; x_wconf 84' lang='lat' dir='ltr'>suspensiones</span> <span class='ocrx_word' id='word_1_120' title='bbox 399 1495 429 1555; x_wconf 85' lang='lat' dir='ltr'>et</span> <span class='ocrx_word' id='word_1_121' title='bbox 442 1487 616 1568; x_wconf 79' lang='lat' dir='ltr'>interdicta,</span> <span class='ocrx_word' id='word_1_122' title='bbox 631 1495 665 1553; x_wconf 87' lang='lat' dir='ltr'>ut</span> <span class='ocrx_word' id='word_1_123' title='bbox 677 1487 755 1551; x_wconf 79' lang='lat' dir='ltr'>inira</span> <span class='ocrx_word' id='word_1_124' title='bbox 766 1485 904 1550; x_wconf 84' lang='lat' dir='ltr'>dicemus</span> <span class='ocrx_word' id='word_1_125' title='bbox 922 1487 996 1564; x_wconf 86' lang='lat' dir='ltr'>(non</span> <span class='ocrx_word' id='word_1_126' title='bbox 1008 1488 1080 1550; x_wconf 86' lang='lat' dir='ltr'>verd</span> <span class='ocrx_word' id='word_1_127' title='bbox 1092 1505 1144 1552; x_wconf 84' lang='lat' dir='ltr'>cx·</span> <span class='ocrx_word' id='word_1_128' title='bbox 1252 1487 1253 1502; x_wconf 61' lang='lat'>¹</span> 
     </span>
    </p>
   </div>
   <div class='ocr_carea' id='block_1_9' title="bbox 171 1576 1143 1658">
    <p class='ocr_par' dir='ltr' id='par_1_10' title="bbox 171 1576 1143 1658">
     <span class='ocr_line' id='line_1_17' title="bbox 171 1576 1143 1658; baseline 0.004 -22"><span class='ocrx_word' id='word_1_129' title='bbox 171 1576 406 1639; x_wconf 81' lang='lat' dir='ltr'>communicatio</span> <span class='ocrx_word' id='word_1_130' title='bbox 431 1577 537 1640; x_wconf 86' lang='lat' dir='ltr'>saltem</span> <span class='ocrx_word' id='word_1_131' title='bbox 561 1578 693 1658; x_wconf 81' lang='lat' dir='ltr'>major),</span> <span class='ocrx_word' id='word_1_132' title='bbox 721 1576 889 1640; x_wconf 86' lang='lat' dir='ltr'>neccssaria</span> <span class='ocrx_word' id='word_1_133' title='bbox 918 1593 979 1639; x_wconf 92' lang='lat' dir='ltr'>non</span> <span class='ocrx_word' id='word_1_134' title='bbox 1002 1583 1047 1639; x_wconf 87' lang='lat' dir='ltr'>ast</span> <span class='ocrx_word' id='word_1_135' title='bbox 1067 1583 1143 1641; x_wconf 88' lang='lat' dir='ltr'>tunc</span> 
     </span>
    </p>
   </div>
   <div class='ocr_carea' id='block_1_10' title="bbox 173 1662 1253 1749">
    <p class='ocr_par' dir='ltr' id='par_1_11' title="bbox 173 1662 1253 1749">
     <span class='ocr_line' id='line_1_18' title="bbox 173 1662 1253 1749; baseline 0.005 -25"><span class='ocrx_word' id='word_1_136' title='bbox 173 1662 314 1741; x_wconf 78' lang='lat' dir='ltr'>monitio,</span> <span class='ocrx_word' id='word_1_137' title='bbox 329 1665 400 1748; x_wconf 79' lang='lat' dir='ltr'>quia</span> <span class='ocrx_word' id='word_1_138' title='bbox 419 1665 591 1746; x_wconf 79' lang='lat' dir='ltr'>hujusmodi</span> <span class='ocrx_word' id='word_1_139' title='bbox 606 1685 704 1749; x_wconf 80' lang='lat' dir='ltr'>poenae</span> <span class='ocrx_word' id='word_1_140' title='bbox 723 1685 785 1730; x_wconf 89' lang='lat' dir='ltr'>non</span> <span class='ocrx_word' id='word_1_141' title='bbox 799 1671 870 1728; x_wconf 84' lang='lat' dir='ltr'>sunt</span> <span class='ocrx_word' id='word_1_142' title='bbox 891 1665 1100 1744; x_wconf 60' lang='lat' dir='ltr'>medicinalem</span> <span class='ocrx_word' id='word_1_143' title='bbox 1116 1665 1142 1728; x_wconf 91' lang='lat' dir='ltr'>si</span> <span class='ocrx_word' id='word_1_144' title='bbox 1252 1707 1253 1736; x_wconf 45' lang='lat' dir='ltr'>r</span> 
     </span>
    </p>
   </div>
   <div class='ocr_carea' id='block_1_11' title="bbox 172 1753 1144 2019">
    <p class='ocr_par' dir='ltr' id='par_1_12' title="bbox 172 1753 1144 2019">
     <span class='ocr_line' id='line_1_19' title="bbox 173 1753 1144 1839; baseline 0.003 -25"><span class='ocrx_word' id='word_1_145' title='bbox 173 1753 243 1814; x_wconf 78' lang='lat' dir='ltr'>vero</span> <span class='ocrx_word' id='word_1_146' title='bbox 256 1771 383 1830; x_wconf 79' lang='lat' dir='ltr'>censura</span> <span class='ocrx_word' id='word_1_147' title='bbox 396 1753 519 1826; x_wconf 81' lang='lat' dir='ltr'>ferenda</span> <span class='ocrx_word' id='word_1_148' title='bbox 533 1757 571 1820; x_wconf 89' lang='lat' dir='ltr'>sit</span> <span class='ocrx_word' id='word_1_149' title='bbox 584 1762 731 1839; x_wconf 86' lang='lat' dir='ltr'>tanquam</span> <span class='ocrx_word' id='word_1_150' title='bbox 746 1773 830 1838; x_wconf 79' lang='lat' dir='ltr'>poeoo</span> <span class='ocrx_word' id='word_1_151' title='bbox 848 1754 1049 1832; x_wconf 68' lang='lat' dir='ltr'>modicitatis,</span> <span class='ocrx_word' id='word_1_152' title='bbox 1068 1763 1144 1818; x_wconf 89' lang='lat' dir='ltr'>tunc</span> 
     </span>
     <span class='ocr_line' id='line_1_20' title="bbox 172 1841 1142 1927; baseline 0.004 -23"><span class='ocrx_word' id='word_1_153' title='bbox 172 1841 197 1904; x_wconf 88' lang='lat' dir='ltr'>si</span> <span class='ocrx_word' id='word_1_154' title='bbox 211 1841 251 1904; x_wconf 92' lang='lat' dir='ltr'>sit</span> <span class='ocrx_word' id='word_1_155' title='bbox 263 1845 445 1912; x_wconf 85' lang='lat' dir='ltr'>comminata</span> <span class='ocrx_word' id='word_1_156' title='bbox 455 1845 494 1911; x_wconf 86' lang='lat' dir='ltr'>ah</span> <span class='ocrx_word' id='word_1_157' title='bbox 506 1846 648 1924; x_wconf 87' lang='lat' dir='ltr'>homine,</span> <span class='ocrx_word' id='word_1_158' title='bbox 663 1852 779 1912; x_wconf 84' lang='lat' dir='ltr'>certum</span> <span class='ocrx_word' id='word_1_159' title='bbox 793 1850 911 1908; x_wconf 88' lang='lat' dir='ltr'>estnon</span> <span class='ocrx_word' id='word_1_160' title='bbox 925 1845 1038 1927; x_wconf 85' lang='lat' dir='ltr'>requiri</span> <span class='ocrx_word' id='word_1_161' title='bbox 1051 1843 1142 1908; x_wconf 87' lang='lat' dir='ltr'>aliam</span> 
     </span>
     <span class='ocr_line' id='line_1_21' title="bbox 172 1932 1144 2019; baseline 0.004 -25"><span class='ocrx_word' id='word_1_162' title='bbox 172 1932 390 2015; x_wconf 79' lang='lat' dir='ltr'>monitionem,</span> <span class='ocrx_word' id='word_1_163' title='bbox 405 1936 476 2018; x_wconf 87' lang='lat' dir='ltr'>quia</span> <span class='ocrx_word' id='word_1_164' title='bbox 490 1955 544 2019; x_wconf 89' lang='lat' dir='ltr'>por</span> <span class='ocrx_word' id='word_1_165' title='bbox 563 1936 638 2004; x_wconf 90' lang='lat' dir='ltr'>illud</span> <span class='ocrx_word' id='word_1_166' title='bbox 652 1941 836 2018; x_wconf 75' lang='lat' dir='ltr'>preceptum</span> <span class='ocrx_word' id='word_1_167' title='bbox 854 1934 918 2014; x_wconf 85' lang='lat' dir='ltr'>jam</span> <span class='ocrx_word' id='word_1_168' title='bbox 940 1933 1065 1997; x_wconf 84' lang='lat' dir='ltr'>habetur</span> <span class='ocrx_word' id='word_1_169' title='bbox 1079 1953 1144 1998; x_wconf 91' lang='lat' dir='ltr'>mo-</span> 
     </span>
    </p>
   </div>
   <div class='ocr_carea' id='block_1_12' title="bbox 173 2021 1253 2106">
    <p class='ocr_par' dir='ltr' id='par_1_13' title="bbox 173 2021 1253 2106">
     <span class='ocr_line' id='line_1_22' title="bbox 173 2021 1253 2106; baseline 0.001 -23"><span class='ocrx_word' id='word_1_170' title='bbox 173 2021 256 2086; x_wconf 92' lang='lat' dir='ltr'>nitio.</span> <span class='ocrx_word' id='word_1_171' title='bbox 273 2025 304 2088; x_wconf 86' lang='lat' dir='ltr'>Si</span> <span class='ocrx_word' id='word_1_172' title='bbox 318 2027 390 2090; x_wconf 80' lang='lat' dir='ltr'>vero</span> <span class='ocrx_word' id='word_1_173' title='bbox 403 2027 443 2094; x_wconf 82' lang='lat' dir='ltr'>sit</span> <span class='ocrx_word' id='word_1_174' title='bbox 455 2027 639 2092; x_wconf 78' lang='lat' dir='ltr'>comminata</span> <span class='ocrx_word' id='word_1_175' title='bbox 659 2026 775 2105; x_wconf 69' lang='lat' dir='ltr'>liure,</span> <span class='ocrx_word' id='word_1_176' title='bbox 796 2023 924 2106; x_wconf 75' lang='lat' dir='ltr'>quaestio</span> <span class='ocrx_word' id='word_1_177' title='bbox 946 2024 1144 2088; x_wconf 80' lang='lat' dir='ltr'>controverti·</span> <span class='ocrx_word' id='word_1_178' title='bbox 1252 2053 1253 2060; x_wconf 19' lang='grc' dir='ltr'><strong>κ</strong></span> 
     </span>
    </p>
   </div>
   <div class='ocr_carea' id='block_1_13' title="bbox 173 2113 1145 2643">
    <p class='ocr_par' dir='ltr' id='par_1_14' title="bbox 173 2113 1145 2643">
     <span class='ocr_line' id='line_1_23' title="bbox 173 2113 1144 2198; baseline 0.004 -26"><span class='ocrx_word' id='word_1_179' title='bbox 173 2118 238 2184; x_wconf 80' lang='lat' dir='ltr'>tur,</span> <span class='ocrx_word' id='word_1_180' title='bbox 255 2119 289 2178; x_wconf 89' lang='lat' dir='ltr'>ut</span> <span class='ocrx_word' id='word_1_181' title='bbox 306 2115 408 2178; x_wconf 86' lang='lat' dir='ltr'>videre</span> <span class='ocrx_word' id='word_1_182' title='bbox 428 2122 474 2180; x_wconf 89' lang='lat' dir='ltr'>est</span> <span class='ocrx_word' id='word_1_183' title='bbox 497 2134 547 2198; x_wconf 82' lang='lat' dir='ltr'>up</span> <span class='ocrx_word' id='word_1_184' title='bbox 568 2118 599 2179; x_wconf 85' lang='lat' dir='ltr'>S.</span> <span class='ocrx_word' id='word_1_185' title='bbox 621 2115 744 2195; x_wconf 80' lang='lat' dir='ltr'>Liguru.</span> <span class='ocrx_word' id='word_1_186' title='bbox 769 2113 833 2192; x_wconf 86' lang='lat' dir='ltr'>(lib.</span> <span class='ocrx_word' id='word_1_187' title='bbox 849 2119 888 2192; x_wconf 73' lang='grc' dir='ltr'>ἵ,</span> <span class='ocrx_word' id='word_1_188' title='bbox 903 2115 938 2176; x_wconf 76' lang='lat' dir='ltr'>n·</span> <span class='ocrx_word' id='word_1_189' title='bbox 960 2115 1026 2190; x_wconf 79' lang='lat'>55),</span> <span class='ocrx_word' id='word_1_190' title='bbox 1041 2114 1093 2196; x_wconf 92' lang='lat' dir='ltr'>qui</span> <span class='ocrx_word' id='word_1_191' title='bbox 1108 2120 1144 2177; x_wconf 94' lang='lat' dir='ltr'>ut</span> 
     </span>
     <span class='ocr_line' id='line_1_24' title="bbox 174 2199 1143 2284; baseline 0.004 -22"><span class='ocrx_word' id='word_1_192' title='bbox 174 2199 405 2280; x_wconf 87' lang='lat' dir='ltr'>probabiliorem</span> <span class='ocrx_word' id='word_1_193' title='bbox 418 2204 508 2270; x_wconf 82' lang='lat' dir='ltr'>habet</span> <span class='ocrx_word' id='word_1_194' title='bbox 529 2204 708 2270; x_wconf 81' lang='lat' dir='ltr'>sententiam</span> <span class='ocrx_word' id='word_1_195' title='bbox 726 2208 905 2284; x_wconf 77' lang='lat' dir='ltr'>negantem,</span> <span class='ocrx_word' id='word_1_196' title='bbox 920 2201 1095 2284; x_wconf 79' lang='lat' dir='ltr'>quinetiam</span> <span class='ocrx_word' id='word_1_197' title='bbox 1109 2205 1143 2266; x_wconf 88' lang='lat' dir='ltr'>iu</span> 
     </span>
     <span class='ocr_line' id='line_1_25' title="bbox 174 2287 1144 2375; baseline 0.005 -25"><span class='ocrx_word' id='word_1_198' title='bbox 174 2287 231 2350; x_wconf 81' lang='lat' dir='ltr'>lroc</span> <span class='ocrx_word' id='word_1_199' title='bbox 254 2307 325 2360; x_wconf 86' lang='lat' dir='ltr'>casu</span> <span class='ocrx_word' id='word_1_200' title='bbox 347 2291 475 2356; x_wconf 87' lang='lat' dir='ltr'>habetur</span> <span class='ocrx_word' id='word_1_201' title='bbox 497 2293 624 2359; x_wconf 89' lang='lat' dir='ltr'>monitio</span> <span class='ocrx_word' id='word_1_202' title='bbox 643 2311 698 2375; x_wconf 87' lang='lat' dir='ltr'>por</span> <span class='ocrx_word' id='word_1_203' title='bbox 720 2293 839 2374; x_wconf 83' lang='lat' dir='ltr'>legem,</span> <span class='ocrx_word' id='word_1_204' title='bbox 862 2297 892 2354; x_wconf 88' lang='lat' dir='ltr'>et</span> <span class='ocrx_word' id='word_1_205' title='bbox 911 2291 1040 2373; x_wconf 90' lang='lat' dir='ltr'>proinde</span> <span class='ocrx_word' id='word_1_206' title='bbox 1059 2291 1144 2356; x_wconf 84' lang='lat' dir='ltr'>adest</span> 
     </span>
     <span class='ocr_line' id='line_1_26' title="bbox 174 2379 1144 2464; baseline 0.004 -24"><span class='ocrx_word' id='word_1_207' title='bbox 174 2381 374 2453; x_wconf 79' lang='lat' dir='ltr'>contumacia.</span> <span class='ocrx_word' id='word_1_208' title='bbox 389 2385 586 2448; x_wconf 78' lang='lat' dir='ltr'>Tunctcmen</span> <span class='ocrx_word' id='word_1_209' title='bbox 600 2381 761 2464; x_wconf 85' lang='lat' dir='ltr'>requiritur</span> <span class='ocrx_word' id='word_1_210' title='bbox 770 2381 813 2444; x_wconf 86' lang='lat' dir='ltr'>rei</span> <span class='ocrx_word' id='word_1_211' title='bbox 824 2379 925 2443; x_wconf 87' lang='lat' dir='ltr'>citatio</span> <span class='ocrx_word' id='word_1_212' title='bbox 932 2381 970 2444; x_wconf 92' lang='lat' dir='ltr'>ud</span> <span class='ocrx_word' id='word_1_213' title='bbox 983 2399 1144 2444; x_wconf 80' lang='lat' dir='ltr'>censuram</span> 
     </span>
     <span class='ocr_line' id='line_1_27' title="bbox 175 2466 1143 2555; baseline 0.006 -27"><span class='ocrx_word' id='word_1_214' title='bbox 175 2466 385 2551; x_wconf 72' lang='lat' dir='ltr'>infligendam,</span> <span class='ocrx_word' id='word_1_215' title='bbox 401 2473 473 2537; x_wconf 81' lang='lat' dir='ltr'>citur</span> <span class='ocrx_word' id='word_1_216' title='bbox 487 2473 566 2539; x_wconf 76' lang='lat' dir='ltr'>hene</span> <span class='ocrx_word' id='word_1_217' title='bbox 580 2471 645 2535; x_wconf 82' lang='lat' dir='ltr'>leri</span> <span class='ocrx_word' id='word_1_218' title='bbox 668 2474 762 2555; x_wconf 86' lang='lat' dir='ltr'>possit</span> <span class='ocrx_word' id='word_1_219' title='bbox 777 2470 858 2553; x_wconf 86' lang='lat' dir='ltr'>qudd</span> <span class='ocrx_word' id='word_1_220' title='bbox 873 2487 943 2534; x_wconf 88' lang='lat' dir='ltr'>reus</span> <span class='ocrx_word' id='word_1_221' title='bbox 957 2471 1143 2552; x_wconf 82' lang='lat' dir='ltr'>prohabilem</span> 
     </span>
     <span class='ocr_line' id='line_1_28' title="bbox 174 2559 1145 2643; baseline 0.006 -24"><span class='ocrx_word' id='word_1_222' title='bbox 174 2559 220 2620; x_wconf 90' lang='lat' dir='ltr'>sui</span> <span class='ocrx_word' id='word_1_223' title='bbox 236 2559 305 2622; x_wconf 86' lang='lat' dir='ltr'>lacti</span> <span class='ocrx_word' id='word_1_224' title='bbox 319 2563 542 2628; x_wconf 85' lang='lat' dir='ltr'>excusationem</span> <span class='ocrx_word' id='word_1_225' title='bbox 556 2563 660 2626; x_wconf 82' lang='lat' dir='ltr'>afferet</span> <span class='ocrx_word' id='word_1_226' title='bbox 674 2583 682 2623; x_wconf 91' lang='lat'>:</span> <span class='ocrx_word' id='word_1_227' title='bbox 698 2563 802 2643; x_wconf 87' lang='lat' dir='ltr'>excipe</span> <span class='ocrx_word' id='word_1_228' title='bbox 817 2561 874 2622; x_wconf 87' lang='lat' dir='ltr'>nisi</span> <span class='ocrx_word' id='word_1_229' title='bbox 888 2561 1003 2623; x_wconf 90' lang='lat' dir='ltr'>crimen</span> <span class='ocrx_word' id='word_1_230' title='bbox 1017 2561 1054 2622; x_wconf 85' lang='lat' dir='ltr'>sit</span> <span class='ocrx_word' id='word_1_231' title='bbox 1068 2560 1145 2626; x_wconf 86' lang='lat' dir='ltr'>adeo</span> 
     </span>
    </p>
   </div>
   <div class='ocr_carea' id='block_1_14' title="bbox 175 2647 1144 2821">
    <p class='ocr_par' dir='ltr' id='par_1_15' title="bbox 175 2647 1253 2821">
     <span class='ocr_line' id='line_1_29' title="bbox 176 2647 1143 2732; baseline 0.011 -26"><span class='ocrx_word' id='word_1_232' title='bbox 176 2647 327 2714; x_wconf 88' lang='lat' dir='ltr'>notorium</span> <span class='ocrx_word' id='word_1_233' title='bbox 341 2659 374 2714; x_wconf 93' lang='lat' dir='ltr'>ut</span> <span class='ocrx_word' id='word_1_234' title='bbox 395 2653 548 2716; x_wconf 87' lang='lat' dir='ltr'>evidenter</span> <span class='ocrx_word' id='word_1_235' title='bbox 569 2657 687 2716; x_wconf 90' lang='lat' dir='ltr'>constet</span> <span class='ocrx_word' id='word_1_236' title='bbox 700 2651 814 2713; x_wconf 88' lang='lat' dir='ltr'>nullam</span> <span class='ocrx_word' id='word_1_237' title='bbox 837 2667 890 2713; x_wconf 88' lang='lat' dir='ltr'>reo</span> <span class='ocrx_word' id='word_1_238' title='bbox 906 2649 1143 2732; x_wconf 87' lang='lat' dir='ltr'>competeredc·</span> 
     </span>
     <span class='ocr_line' id='line_1_30' title="bbox 175 2733 1144 2821; baseline 0.011 -27"><span class='ocrx_word' id='word_1_239' title='bbox 175 2733 343 2802; x_wconf 80' lang='lat' dir='ltr'>tonsionem</span> <span class='ocrx_word' id='word_1_240' title='bbox 359 2759 367 2801; x_wconf 75' lang='grc' dir='ltr'><strong><em>ε</em></strong></span> <span class='ocrx_word' id='word_1_241' title='bbox 383 2741 435 2804; x_wconf 89' lang='lat' dir='ltr'>sed</span> <span class='ocrx_word' id='word_1_242' title='bbox 451 2741 621 2821; x_wconf 74' lang='lat' dir='ltr'>huiusmodi</span> <span class='ocrx_word' id='word_1_243' title='bbox 632 2759 768 2804; x_wconf 72' lang='lat' dir='ltr'>censure</span> <span class='ocrx_word' id='word_1_244' title='bbox 778 2757 935 2821; x_wconf 79' lang='lat' dir='ltr'>nunquam</span> <span class='ocrx_word' id='word_1_245' title='bbox 949 2739 1144 2804; x_wconf 82' lang='lat' dir='ltr'>incurrantur</span> 
     </span>
    </p>
   </div>
   <div class='ocr_carea' id='block_1_15' title="bbox 176 2825 1144 2911">
    <p class='ocr_par' dir='ltr' id='par_1_16' title="bbox 176 2825 1144 2911">
     <span class='ocr_line' id='line_1_31' title="bbox 176 2825 1144 2911; baseline 0.009 -28"><span class='ocrx_word' id='word_1_246' title='bbox 176 2825 241 2886; x_wconf 82' lang='lat' dir='ltr'>sine</span> <span class='ocrx_word' id='word_1_247' title='bbox 255 2829 402 2894; x_wconf 69' lang='lat' dir='ltr'>sententie</span> <span class='ocrx_word' id='word_1_248' title='bbox 424 2830 685 2908; x_wconf 71' lang='lat' dir='ltr'>condemnatoris,</span> <span class='ocrx_word' id='word_1_249' title='bbox 701 2849 770 2911; x_wconf 80' lang='lat' dir='ltr'>quta</span> <span class='ocrx_word' id='word_1_250' title='bbox 790 2829 815 2892; x_wconf 87' lang='lat' dir='ltr'>si</span> <span class='ocrx_word' id='word_1_251' title='bbox 832 2835 911 2892; x_wconf 86' lang='lat' dir='ltr'>esset</span> <span class='ocrx_word' id='word_1_252' title='bbox 929 2829 1013 2892; x_wconf 87' lang='lat' dir='ltr'>nulla</span> <span class='ocrx_word' id='word_1_253' title='bbox 1025 2829 1144 2893; x_wconf 86' lang='lat' dir='ltr'>delectu</span> 
     </span>
    </p>
   </div>
   <div class='ocr_carea' id='block_1_16' title="bbox 176 2911 1253 3003">
    <p class='ocr_par' dir='ltr' id='par_1_17' title="bbox 176 2911 1253 3003">
     <span class='ocr_line' id='line_1_32' title="bbox 176 2911 1253 3003; baseline 0.004 -29"><span class='ocrx_word' id='word_1_254' title='bbox 176 2911 302 2993; x_wconf 88' lang='lat' dir='ltr'>alicujus</span> <span class='ocrx_word' id='word_1_255' title='bbox 324 2917 509 2991; x_wconf 75' lang='lat' dir='ltr'>scrutalitatis</span> <span class='ocrx_word' id='word_1_256' title='bbox 531 2919 728 2982; x_wconf 82' lang='lat' dir='ltr'>essentialiter</span> <span class='ocrx_word' id='word_1_257' title='bbox 747 2920 918 3002; x_wconf 70' lang='lat' dir='ltr'>requisitae,</span> <span class='ocrx_word' id='word_1_258' title='bbox 934 2919 1016 2982; x_wconf 89' lang='lat' dir='ltr'>nulla</span> <span class='ocrx_word' id='word_1_259' title='bbox 1034 2919 1145 3003; x_wconf 87' lang='lat' dir='ltr'>puriter</span> <span class='ocrx_word' id='word_1_260' title='bbox 1252 2975 1253 2978; x_wconf 74' lang='grc'>,</span> 
     </span>
    </p>
   </div>
   <div class='ocr_carea' id='block_1_17' title="bbox 177 3008 1253 3181">
    <p class='ocr_par' dir='ltr' id='par_1_18' title="bbox 177 3008 1253 3181">
     <span class='ocr_line' id='line_1_33' title="bbox 177 3008 1145 3092; baseline 0.015 -31"><span class='ocrx_word' id='word_1_261' title='bbox 177 3009 254 3066; x_wconf 87' lang='lat' dir='ltr'>esset</span> <span class='ocrx_word' id='word_1_262' title='bbox 266 3021 411 3086; x_wconf 83' lang='lat' dir='ltr'>censura,</span> <span class='ocrx_word' id='word_1_263' title='bbox 436 3009 630 3090; x_wconf 86' lang='lat' dir='ltr'>quantumvis</span> <span class='ocrx_word' id='word_1_264' title='bbox 651 3008 796 3072; x_wconf 88' lang='lat' dir='ltr'>delictum</span> <span class='ocrx_word' id='word_1_265' title='bbox 816 3008 892 3073; x_wconf 83' lang='lat' dir='ltr'>soret</span> <span class='ocrx_word' id='word_1_266' title='bbox 907 3015 1035 3074; x_wconf 88' lang='lat' dir='ltr'>certum.</span> <span class='ocrx_word' id='word_1_267' title='bbox 1060 3010 1145 3092; x_wconf 79' lang='lat' dir='ltr'>(vide</span> 
     </span>
     <span class='ocr_line' id='line_1_34' title="bbox 178 3090 1253 3181; baseline 0.015 -29"><span class='ocrx_word' id='word_1_268' title='bbox 178 3090 337 3173; x_wconf 73' lang='lat' dir='ltr'>secutor,</span> <span class='ocrx_word' id='word_1_269' title='bbox 353 3096 411 3163; x_wconf 82' lang='lat' dir='ltr'>Des</span> <span class='ocrx_word' id='word_1_270' title='bbox 427 3097 530 3164; x_wconf 74' lang='lat' dir='ltr'>Peiore</span> <span class='ocrx_word' id='word_1_271' title='bbox 538 3098 649 3177; x_wconf 65' lang='lat' dir='ltr'>scetes„</span> <span class='ocrx_word' id='word_1_272' title='bbox 664 3117 696 3181; x_wconf 86' lang='lat' dir='ltr'>p.</span> <span class='ocrx_word' id='word_1_273' title='bbox 711 3099 796 3180; x_wconf 63' lang='lat'><strong>203.)</strong></span> <span class='ocrx_word' id='word_1_274' title='bbox 1252 3091 1253 3128; x_wconf 68' lang='lat'>³</span> 
     </span>
    </p>
   </div>
   <div class='ocr_carea' id='block_1_18' title="bbox 178 3184 1253 3542">
    <p class='ocr_par' dir='ltr' id='par_1_19' title="bbox 178 3184 1253 3542">
     <span class='ocr_line' id='line_1_35' title="bbox 217 3184 1253 3271; baseline 0.009 -25"><span class='ocrx_word' id='word_1_275' title='bbox 217 3184 307 3252; x_wconf 80' lang='lat' dir='ltr'>orte.</span> <span class='ocrx_word' id='word_1_276' title='bbox 330 3187 570 3253; x_wconf 78' lang='lat' dir='ltr'>Moniticautem</span> <span class='ocrx_word' id='word_1_277' title='bbox 582 3189 1144 3271; x_wconf 74' lang='lat' dir='ltr'>canoniceproprieesttrina‚utcol</span> <span class='ocrx_word' id='word_1_278' title='bbox 1252 3191 1253 3268; x_wconf 63' lang='grc' dir='ltr'>ξ</span> 
     </span>
     <span class='ocr_line' id='line_1_36' title="bbox 178 3268 1253 3361; baseline 0.012 -29"><span class='ocrx_word' id='word_1_279' title='bbox 178 3268 228 3351; x_wconf 87' lang='lat' dir='ltr'>ligi</span> <span class='ocrx_word' id='word_1_280' title='bbox 242 3280 339 3355; x_wconf 85' lang='lat' dir='ltr'>potest</span> <span class='ocrx_word' id='word_1_281' title='bbox 351 3295 389 3340; x_wconf 84' lang='lat' dir='ltr'>ex</span> <span class='ocrx_word' id='word_1_282' title='bbox 401 3296 469 3361; x_wconf 89' lang='lat' dir='ltr'>cop.</span> <span class='ocrx_word' id='word_1_283' title='bbox 486 3277 781 3353; x_wconf 65' lang='lat' dir='ltr'>comedemus,</span> <span class='ocrx_word' id='word_1_284' title='bbox 797 3277 833 3341; x_wconf 76' lang='lat' dir='ltr'>dr</span> <span class='ocrx_word' id='word_1_285' title='bbox 852 3286 926 3344; x_wconf 76' lang='lat' dir='ltr'>attat.</span> <span class='ocrx_word' id='word_1_286' title='bbox 945 3299 1098 3358; x_wconf 73' lang='lat' dir='ltr'>rarorum,</span> <span class='ocrx_word' id='word_1_287' title='bbox 1112 3281 1145 3344; x_wconf 89' lang='lat' dir='ltr'>in</span> <span class='ocrx_word' id='word_1_288' title='bbox 1252 3285 1253 3300; x_wconf 63' lang='lat'>¹</span> 
     </span>
     <span class='ocr_line' id='line_1_37' title="bbox 178 3364 1253 3452; baseline 0.004 -22"><span class='ocrx_word' id='word_1_289' title='bbox 178 3364 228 3438; x_wconf 80' lang='lat'>6⁰3</span> <span class='ocrx_word' id='word_1_290' title='bbox 243 3366 297 3430; x_wconf 89' lang='lat' dir='ltr'>sed</span> <span class='ocrx_word' id='word_1_291' title='bbox 309 3386 347 3430; x_wconf 83' lang='lat' dir='ltr'>ex</span> <span class='ocrx_word' id='word_1_292' title='bbox 360 3365 470 3432; x_wconf 85' lang='lat' dir='ltr'>eodem</span> <span class='ocrx_word' id='word_1_293' title='bbox 485 3386 566 3452; x_wconf 80' lang='lat' dir='ltr'>cap,</span> <span class='ocrx_word' id='word_1_294' title='bbox 580 3385 643 3432; x_wconf 81' lang='lat' dir='ltr'>uno</span> <span class='ocrx_word' id='word_1_295' title='bbox 660 3367 726 3430; x_wconf 83' lang='lat' dir='ltr'>lieri</span> <span class='ocrx_word' id='word_1_296' title='bbox 747 3373 845 3450; x_wconf 81' lang='lat' dir='ltr'>potest</span> <span class='ocrx_word' id='word_1_297' title='bbox 857 3386 914 3452; x_wconf 85' lang='lat' dir='ltr'>pro</span> <span class='ocrx_word' id='word_1_298' title='bbox 925 3368 1022 3433; x_wconf 83' lang='lat' dir='ltr'>tribus</span> <span class='ocrx_word' id='word_1_299' title='bbox 1036 3367 1166 3448; x_wconf 73' lang='lat' dir='ltr'>(adhuc.</span> <span class='ocrx_word' id='word_1_300' title='bbox 1252 3413 1253 3452; x_wconf 51' lang='lat' dir='ltr'>q</span> 
     </span>
     <span class='ocr_line' id='line_1_38' title="bbox 179 3453 1253 3542; baseline 0.012 -30"><span class='ocrx_word' id='word_1_301' title='bbox 179 3453 245 3517; x_wconf 82' lang='lat' dir='ltr'>siue</span> <span class='ocrx_word' id='word_1_302' title='bbox 266 3459 367 3535; x_wconf 73' lang='lat' dir='ltr'>causti</span> <span class='ocrx_word' id='word_1_303' title='bbox 388 3462 399 3496; x_wconf 90' lang='lat'>¹</span> <span class='ocrx_word' id='word_1_304' title='bbox 429 3456 597 3522; x_wconf 82' lang='lat' dir='ltr'>dummodo</span> <span class='ocrx_word' id='word_1_305' title='bbox 618 3457 801 3540; x_wconf 67' lang='lat' dir='ltr'>equitatem</span> <span class='ocrx_word' id='word_1_306' title='bbox 830 3463 952 3542; x_wconf 85' lang='lat' dir='ltr'>tempus</span> <span class='ocrx_word' id='word_1_307' title='bbox 978 3459 1145 3542; x_wconf 81' lang='lat' dir='ltr'>assignetur</span> <span class='ocrx_word' id='word_1_308' title='bbox 1252 3457 1253 3476; x_wconf 64' lang='lat'>¹</span> 
     </span>
    </p>
   </div>
   <div class='ocr_carea' id='block_1_19' title="bbox 209 3563 1253 3640">
    <p class='ocr_par' dir='ltr' id='par_1_20' title="bbox 209 3563 1253 3640">
     <span class='ocr_line' id='line_1_39' title="bbox 209 3563 1253 3640; baseline 0.016 -28"><span class='ocrx_word' id='word_1_309' title='bbox 209 3565 217 3594; x_wconf 78' lang='lat'>⁸</span> <span class='ocrx_word' id='word_1_310' title='bbox 236 3579 247 3612; x_wconf 82' lang='grc' dir='ltr'>ι</span> <span class='ocrx_word' id='word_1_311' title='bbox 266 3563 403 3620; x_wconf 72' lang='lat' dir='ltr'>statuturos</span> <span class='ocrx_word' id='word_1_312' title='bbox 414 3584 525 3638; x_wconf 76' lang='lat' dir='ltr'>qaoque,</span> <span class='ocrx_word' id='word_1_313' title='bbox 538 3575 567 3629; x_wconf 79' lang='lat' dir='ltr'>ut</span> <span class='ocrx_word' id='word_1_314' title='bbox 581 3569 646 3624; x_wconf 75' lang='lat' dir='ltr'>uter</span> <span class='ocrx_word' id='word_1_315' title='bbox 660 3569 821 3636; x_wconf 78' lang='lat' dir='ltr'>monitiones,</span> <span class='ocrx_word' id='word_1_316' title='bbox 837 3585 900 3639; x_wconf 78' lang='lat' dir='ltr'>quas</span> <span class='ocrx_word' id='word_1_317' title='bbox 910 3576 940 3624; x_wconf 82' lang='lat' dir='ltr'>ut</span> <span class='ocrx_word' id='word_1_318' title='bbox 954 3571 1074 3626; x_wconf 77' lang='lat' dir='ltr'>eueniet</span> <span class='ocrx_word' id='word_1_319' title='bbox 1084 3585 1145 3640; x_wconf 80' lang='lat' dir='ltr'>pra·</span> <span class='ocrx_word' id='word_1_320' title='bbox 1252 3585 1253 3614; x_wconf 73' lang='lat' dir='ltr'>t</span> 
     </span>
    </p>
   </div>
   <div class='ocr_carea' id='block_1_20' title="bbox 0 0 1287 3988">
    <p class='ocr_par' dir='ltr' id='par_1_21' title="bbox 0 0 1287 3988">
     <span class='ocr_line' id='line_1_40' title="bbox 0 0 1287 3988; baseline 0 0"><span class='ocrx_word' id='word_1_321' title='bbox 0 0 1287 3988; x_wconf 95' lang='lat' dir='ltr'> </span> 
     </span>
    </p>
   </div>
  </div>
 </body>
</html>
