2572 4006
275 210 335 264 etto
776 211 837 266 Plio
1001 217 1047 268 ele

69 321 307 390 mendatolndlgeet,
321 321 390 372 5029.
403 323 455 382 in
468 323 545 373 formis
569 320 637 370 tlte.
650 321 688 372 An
699 327 724 372 et
736 325 862 388 quomodo
871 326 993 392 illegitimi
1005 344 1050 394 per

69 405 208 457 mandatnm
236 401 320 454 vestiri
344 403 452 464 debent,
473 401 544 455 5629.
569 400 746 466 professionem
760 403 901 470 religiosam
914 407 1050 474 legitimen·

69 485 227 546 eronrlonnm
241 481 319 548 possit
331 481 433 548 proponi
454 497 547 550 excep·
569 488 617 543 tur,
632 483 700 532 leti.
714 483 783 536 AEles
797 487 915 552 requisita
935 489 966 539 ed
989 506 1050 555 pro-

70 569 101 618 tin
115 565 168 617 fnlsi
180 566 361 632 procuratoris,
381 565 451 616 5029.
472 565 547 626 Quae.
570 563 700 616 sessionem
717 567 868 633 religiosam,
880 571 957 634 2639,
977 574 1048 628 2080.

70 663 124 697 nam
148 646 180 696 sit
201 653 389 712 procuratorum
413 653 546 711 potestas,
569 647 605 696 dn
626 651 651 696 et
672 653 795 716 quatenus
817 651 925 702 minores
953 653 1049 706 admitti

69 727 138 777 5030.
157 727 191 776 lle
202 725 301 776 casllvus
313 726 355 792 qui
376 726 477 791 erigunt
489 741 546 792 spe·
572 723 665 792 possint
676 727 707 778 ad
720 729 897 794 professionem
910 731 1050 798 religiosam

70 805 293 866 cialemandatum,
314 807 384 858 5031.
409 809 445 857 An
469 807 494 857 in
519 807 548 859 iis
570 807 729 874 jrrntnlegeni
744 809 872 862 civilemin
886 811 1049 874 (tettineotu

70 889 166 941 essibus
179 887 286 940 sufficiet
301 889 369 956 qudd
382 889 501 940 mandans
514 891 550 940 di·
572 887 636 947 Quid
655 887 686 938 sit
701 890 818 954 professio
837 891 956 942 solemnis
982 893 1051 946 lieli·

71 977 146 1022 estse
158 971 309 1022 constituere
321 977 505 1036 procuratorem
518 971 549 1024 ad
571 967 660 1033 gionis,
673 969 744 1022 2686.
764 970 828 1032 Quid
848 971 880 1024 sit
897 989 945 1024 non
957 975 1051 1028 solem·

72 1067 155 1103 ornnes
168 1065 255 1102 censes
267 1065 322 1119 que
330 1051 436 1118 speciale
449 1053 551 1103 mande·
573 1049 619 1114 nie,
637 1051 707 1102 2080.
733 1053 874 1120 Quotuplex
887 1055 1052 1122 distinguntur

72 1143 122 1184 tum
134 1131 271 1200 requirunt.
285 1131 355 1183 5032.
368 1133 404 1183 in
425 1137 449 1183 et
460 1137 549 1200 quete-
573 1129 1053 1197 pretermisimus,ente-eoeteue-

73 1221 142 1268 tenus
165 1215 178 1265 i
202 1220 361 1282 procuratore
396 1215 473 1281 possit
496 1215 548 1266 davi
573 1213 1054 1284 namrequiranturadvaloremprofes·

73 1295 295 1360 rliusprocurator,
307 1293 376 1344 5033.
389 1293 493 1354 Quinam
502 1293 551 1344 sint
573 1292 659 1355 sionis,
672 1295 742 1346 2688.
754 1297 790 1346 dn
810 1297 909 1364 expleto
934 1299 1054 1352 novitiatu

72 1376 173 1428 effectus
202 1373 398 1441 procurationis,
422 1373 492 1426 edet.
513 1375 551 1425 An
574 1374 656 1428 atatim
668 1377 777 1446 religiosi
790 1379 887 1446 possint
896 1386 952 1434 vota
964 1381 1055 1434 solem·

74 1453 194 1507 confessio
235 1453 401 1520 procuratoris
450 1453 550 1504 domino
575 1456 615 1508 nia
627 1458 748 1522 emittere,
761 1459 832 1512 2000.
850 1460 926 1514 Varie
946 1461 1054 1516 decisio·

74 1541 167 1596 noceat,
180 1533 250 1586 5035.
264 1535 453 1600 llnprocuretor
465 1541 551 1584 tenea·
575 1554 617 1589 nes
630 1539 694 1590 circe
706 1547 796 1592 statum
805 1543 978 1610 religiosorum
987 1551 1054 1597 ante·

73 1615 241 1666 turretionem
253 1615 356 1666 reddere
369 1615 477 1665 mandati
489 1622 551 1666 etan
574 1633 648 1682 quam
656 1620 872 1686 possintemittere
879 1623 1054 1689 professionem

75 1698 163 1745 nance
192 1695 232 1761 jus
266 1709 385 1763 expensas
414 1697 549 1762 repetendi,
574 1698 719 1760 solemnem,
732 1701 881 1754 2090-2002.
895 1705 954 1755 elie
965 1705 1055 1758 eondi-

77 1777 144 1828 5030.
156 1779 295 1847 Quotupiiei
307 1781 380 1832 modo
396 1785 475 1831 cesset
491 1796 551 1848 pro·
575 1778 654 1829 tiones
666 1781 789 1846 requisitae
812 1784 843 1834 ed
868 1786 1054 1849 professionem,

74 1861 194 1914 eurnloris
206 1861 323 1924 officium,
337 1863 485 1916 scot-5639.
516 1865 552 1913 Au
574 1859 644 1910 2603.
659 1863 694 1910 An
709 1862 789 1912 valeat
803 1865 923 1928 professio
936 1882 966 1918 ex
989 1875 1056 1920 melu

73 1945 197 1996 ternomio
210 1943 298 1996 deberit
308 1945 414 1996 intimari
428 1944 490 2012 perti
506 1945 553 1996 ed·
576 1939 725 2000 0001ιῖ694-
739 1944 776 1992 An
786 1949 810 1994 el
821 1951 943 2010 quatenus
965 1961 1056 2012 appro-

73 2039 150 2076 versn
162 2031 187 2076 et
196 2025 282 2092 judici,
295 2027 366 2076 5538.
380 2025 442 2086 Quid
456 2025 553 2094 speeia-
577 2021 629 2072 bari
642 2022 808 2074 deboentlibri
821 2025 912 2092 quibus
933 2033 970 2078 eet
981 2034 1056 2079 uten-

73 2105 173 2157 literslt
185 2105 316 2155 dicendum
335 2107 366 2158 de
386 2105 554 2172 procuratori·
577 2101 636 2152 dum
659 2102 684 2152 in
701 2105 854 2156 ceremoniis
877 2105 1014 2158 vestitionie
1032 2113 1057 2162 el

74 2192 120 2240 bris
129 2187 370 2240 Communitetumet
379 2189 553 2256 Collegiorum,
578 2183 736 2250 pt⁰fessi⁰ssl⁵
747 2223 753 2246 ι
766 2186 836 2238 2695·
850 2187 973 2238 professio
989 2187 1056 2240 nulla

72 2265 223 2320 serpeus,
242 2269 276 2321 οε
289 2271 451 2323 procuratore
460 2288 555 2340 paupe.
578 2277 608 2314 ex
620 2263 716 2314 defectu
736 2264 794 2316 suni
814 2265 948 2316 novitiolis
967 2266 1057 2332 integri

73 2367 139 2416 mm,
152 2349 223 2403 5789,
578 2359 628 2395 non
641 2345 737 2396 videtur
753 2362 825 2412 posse
845 2347 997 2399 convalidari
1014 2364 1057 2416 per

106 2431 399 2485 Pgopfflfflus,-Vid0
425 2431 554 2492 ὓΑτΑῃιΑ,
579 2423 676 2475 tecilenr
705 2427 902 2491 professionem,
926 2428 996 2479 269³.
1020 2429 1057 2478 Ad

74 2515 131 2564 Ἶρι,
578 2521 651 2571 quern
664 2507 784 2572 pertineat
801 2509 931 2560 admittere
952 2511 983 2561 ad
995 2525 1057 2578 pru-

108 2595 290 2645 fnoorunurns.
312 2620 344 2631 -
365 2595 401 2643 An
432 2591 555 2642 interdicti
579 2586 719 2650 fessionem,
732 2590 803 2642 2104.
811 2591 952 2642 Necessaria
965 2600 1002 2644 eat
1009 2609 1058 2660 po·
1156 2635 1161 2644 .

71 2681 175 2745 propter
195 2673 280 2723 vilitem
306 2673 486 2740 prodigalitatis
509 2689 555 2724 ve·
579 2673 653 2718 testes
666 2669 774 2735 legitime
794 2689 838 2738 pro
855 2673 1005 2726 admissione
1026 2675 1059 2726 ad

72 2758 214 2808 lenntstare
227 2752 353 2820 injudicio
371 2759 488 2822 tanquam
511 2768 556 2806 ac·
579 2749 768 2815 professionem,
781 2753 852 2804 2505·
865 2756 901 2804 Au
911 2755 941 2806 ad
955 2756 1060 2822 Episco-

72 2843 142 2887 tores
154 2837 197 2884 eut
209 2831 253 2896 rei,
268 2833 339 2885 east.
579 2847 637 2899 puin
648 2832 768 2898 pertineat
779 2835 908 2889 admittere
924 2837 955 2890 ad
968 2839 1061 2906 profes:

108 2917 231 2968 Paeonio.
244 2944 276 2956 -
293 2915 404 2978 Quidsil,
414 2915 485 2969 6200.
579 2913 687 2976 sionem,
698 2915 768 2966 2705.
781 2917 817 2968 lu
830 2917 949 2984 professio
962 2921 1061 2972 mortino

107 2997 238 3050 Pnuressro
255 2999 336 3064 (fidei).
352 3026 384 3038 -
398 2999 435 3050 ln
453 2997 483 3050 ed
502 3013 556 3052 earn
580 2995 639 3047 liunr
652 2997 730 3063 possit
741 2997 794 3049 lieri
807 2999 832 3050 in
850 3015 925 3052 merra
939 2999 1061 3066 superio·

75 3079 236 3132 emiltendam
264 3087 393 3132 teneantur
428 3079 527 3148 parochi
549 3119 556 3146 ,
580 3075 656 3138 risse,
668 3077 738 3128 moe.
750 3079 787 3128 dn
799 3083 957 3146 etquatenas
977 3080 1061 3130 locum

75 3158 139 3208 tlte>
149 3173 155 3206 τ
165 3157 220 3210 vlde
234 3159 313 3211 frons.
580 3157 670 3208 habent
681 3157 800 3225 professio
813 3157 897 3218 tacita,
909 3159 1058 3210 26052500.

110 3237 242 3292 Pnorsssto
254 3243 393 3306 (religioso).
401 3241 557 3292 -lndiciurn
580 3241 616 3290 dn
626 3247 682 3306 post
693 3237 889 3306 quinquennium
900 3238 972 3290 liceat
984 3239 1061 3290 recle·

76 3321 109 3372 de
123 3321 235 3372 nullitate
253 3321 412 3388 professionis
437 3321 558 3386 religiose
582 3335 648 3368 mere
660 3326 744 3370 contra
761 3317 909 3370 validitatem
925 3317 1061 3384 professio·

77 3401 109 3452 ad
119 3401 264 3466 Episcopum
275 3399 426 3466 conjunctim
440 3417 496 3452 curu
513 3401 559 3452 Su·
570 3403 572 3417 '
583 3398 628 3460 nis,
637 3399 708 3450 edet.
722 3399 839 3458 Quaenam
851 3397 1007 3450 conditiones
1019 3413 1062 3448 re·

78 3483 175 3549 periore
187 3479 294 3546 religiosi
311 3481 425 3546 pertinet,
446 3481 501 3531 509.
522 3483 558 3530 An
570 3525 573 3580 ι
583 3480 712 3546 quiranlur
723 3479 753 3529 ed
765 3480 941 3544 professionem
952 3478 1060 3542 tacitam,

80 3569 105 3612 et
117 3567 239 3623 qrratentrs
251 3559 444 3626 irregularilales
468 3559 558 3610 tollen·
581 3561 653 3612 2599.
662 3561 699 3610 An
711 3559 831 3626 professio
842 3559 1011 3612 convelidelur
1021 3575 1063 3628 per

80 3649 121 3692 tur
134 3655 177 3705 per
196 3641 374 3698 professionem
398 3637 539 3706 religiosam
551 3675 559 3703 ,
570 3600 767 3714 'renovationem
785 3648 898 3697 votorum
918 3659 974 3712 quae
996 3659 1062 3712 quo·
