2548 3988
471 227 556 314 creua
576 265 707 314 rmrrus.
1022 257 1082 320 355

110 373 191 433 esset
203 334 358 431 concessio
365 363 441 429 lucta
451 360 590 428 lldelibus
603 360 621 426 i
634 363 768 428 Concilio
782 365 936 431 Constant.
952 367 1025 433 dnm
1039 373 1093 435 eis‘

107 457 216 560 saltem
231 453 396 536 indirecte,
411 455 527 517 ratione
541 449 710 532 charitatis,
725 453 936 536 prohiberetur
948 474 1084 525 commu·

109 551 238 698 nliladttlli.
261 630 328 698 liuc
346 651 443 716 usque
463 631 542 694 dicta
559 625 598 696 de
615 631 876 696 excommunicato
889 633 1083 720 intelligenda

107 729 180 790 sunt
194 723 304 807 pariter
325 713 363 786 de
377 738 525 805 suspenso
547 725 599 784 aut
612 711 770 784 interdicto
783 721 922 802 vitando,
944 725 976 787 in
997 725 1033 790 iis
1051 727 1082 791 ln

107 807 220 964 auibus
233 810 357 876 vetitum
371 815 416 876 est
429 809 655 874 communicare
667 807 695 870 vl
707 811 913 892 suspensionis
926 817 977 876 aut
990 813 1082 878 inter-

129 901 180 966 icli
197 922 204 964 :
219 907 249 964 et
263 895 344 964 idem
357 898 406 964 dic
419 895 457 962 de
471 897 647 980 irregulari,
661 897 714 982 qul
729 898 838 980 pariter
853 913 914 963 non
928 907 974 965 est
986 905 1082 966 vitan-

106 991 184 1069 dus,
197 989 253 1054 nisi
267 991 305 1054 sit
313 989 508 1054 denuntiatus
520 1009 527 1049 ι
539 989 570 1050 ἱη
583 1007 674 1071 supra
684 987 766 1051 enim
778 987 865 1052 atleta
875 987 1081 1075 Exiravagunti

107 1079 217 1144 dicitur
230 1099 238 1143 t
252 1084 402 1163 protextu
415 1077 619 1160 cujuscumque
631 1077 784 1140 sententia
796 1077 844 1140 uel
856 1097 994 1144 censure.

148 1168 238 1234 6501.
260 1167 306 1232 Ex
319 1165 425 1232 etdem
436 1169 555 1230 Extrav.
569 1165 680 1229 vitandi
695 1165 864 1229 suntetiem
877 1169 990 1232 notorii
997 1167 1083 1234 cteri-

106 1275 206 1321 corum
224 1273 435 1342 percussores:
462 1256 542 1320 circa
563 1255 772 1318 notorietatem
797 1253 865 1318 vide
889 1255 969 1320 diota
991 1277 1081 1342 supra
1115 1334 1117 1338 .

108 1347 179 1428 (rar
194 1347 227 1408 iu
241 1345 324 1427 ποιά,
341 1351 429 1427 tots,
441 1347 530 1425 troo,
545 1347 645 1426 5997).
657 1344 916 1419 Quariturautem
929 1365 969 1410 au
980 1350 1081 1432 requi·

107 1439 192 1499 ratur
207 1437 368 1502 notorietas
379 1435 457 1518 luris
469 1435 516 1500 rel
529 1433 624 1499 lacti?

147 1522 239 1609 llesp.
263 1529 293 1590 i·
306 1525 515 1591 Communiler
534 1520 635 1587 doceri
652 1543 714 1587 non
732 1519 869 1590 sufficere
889 1525 985 1590 solam
998 1533 1081 1592 noto·

106 1613 245 1678 rietatem
263 1615 340 1696 luris
364 1635 372 1678 ι
399 1611 564 1678 sufficiebat
586 1611 709 1695 quidem
729 1611 902 1693 huiusmodi
920 1617 1081 1682 notorietas

107 1709 178 1768 ante
192 1703 305 1768 Concil.
322 1703 566 1776 constantiense,
582 1701 652 1783 qnia
671 1708 744 1764 tunc
757 1703 857 1764 omnis
870 1707 1080 1770 excommuni-

107 1799 193 1856 catus
213 1800 277 1858 erat
302 1793 442 1857 vitandus
468 1791 600 1875 (publice
628 1807 755 1871 nempe,
783 1790 807 1852 si
836 1789 973 1872 publicus
998 1803 1078 1873 erat;

106 1873 244 1960 occulte,
260 1883 284 1945 si
298 1883 452 1959 occultus,
468 1879 561 1942 modo
579 1884 729 1941 constaret
745 1895 905 1941 censuram
926 1880 1017 1946 fuisse
1032 1885 1078 1946 in·

106 1973 239 2048 cursem)
254 1987 261 2033 r
278 1985 360 2034 nunc
373 1977 475 2034 anum
488 1969 650 2052 requiritur
663 1967 753 2029 etiam
765 1967 927 2030 notorietas
940 1969 1027 2048 lacti,
1042 1989 1079 2036 err

106 2059 206 2122 verbis
220 2059 278 2123 iilis
294 2079 302 2121 ε
320 2057 398 2144 quod
409 2060 521 2141 suctum
534 2077 592 2120 nun
609 2057 702 2140 possit
721 2055 823 2140 aliqud
838 2057 1080 2140 tergiversatione

106 2147 208 2210 uiuri.
235 2145 360 2213 adverte
381 2156 483 2212 tamen
507 2147 589 2230 quod
616 2147 693 2209 sicut
716 2151 761 2208 cst
781 2145 921 2209 vitandus
942 2145 1078 2230 laquem

105 2242 224 2298 constat
237 2255 291 2320 per
304 2237 456 2320 pubiicum
470 2237 581 2300 lamam
594 2235 684 2300 luisse
694 2231 794 2296 clerici
805 2251 1030 2316 percussorem,
1045 2243 1078 2303 ut

106 2341 178 2386 mox
191 2324 347 2402 dicemus,
372 2327 412 2388 iia
431 2327 521 2390 etlam
542 2323 680 2388 vitandus
701 2329 745 2386 est
766 2322 817 2404 qui
832 2339 886 2404 per
899 2327 1078 2390 sententiam

103 2411 215 2490 jndicis
227 2412 420 2479 denuntiatus
428 2421 472 2478 est
485 2411 633 2491 vitandus,
648 2412 720 2495 quia
732 2417 805 2475 tunc
818 2410 903 2474 adest
916 2415 1078 2480 notorietas

104 2499 174 2563 facil
253 2507 320 2574 iter.

145 2519 349 2675 θὸοὲτῐὶεερ.
371 2597 403 2656 2·
425 2591 598 2674 Requiritor
620 2587 701 2654 certe
726 2587 889 2653 notorietss
914 2587 1004 2669 lacti,
1023 2593 1077 2658 sed

104 2675 257 2742 sufficiens
270 2681 472 2744 communiter
485 2680 612 2743 habetur
625 2679 705 2742 fama
718 2679 963 2744 communisorta
976 2684 994 2744 a
1007 2681 1077 2746 viris

104 2761 164 2829 lide
177 2766 277 2850 dignis
288 2775 318 2831 ct
331 2767 447 2852 integre
457 2769 599 2852 proheta,
614 2769 655 2832 ita
668 2772 701 2831 ut
715 2763 847 2850 prebeat
860 2767 1004 2833 moralem
1015 2791 1078 2834 cer-

103 2851 274 2920 titudinem.
290 2859 401 2922 Putant
418 2865 520 2922 tamen
535 2857 607 2920 Viva
624 2862 655 2922 et
669 2855 720 2922 alii
737 2875 787 2940 ap.
809 2855 897 2922 Groix
917 2857 999 2941 quod
1015 2877 1075 2924 non

104 2937 230 3006 sufficiat
242 2945 321 3010 lama
336 2947 418 3031 quod
432 2947 501 3032 quis
513 2945 714 3030 percusserit,
730 2943 784 3010 sed
802 2947 972 3029 requiratur
985 2947 1072 3012 etiam

104 3027 185 3092 fama
207 3033 288 3112 quod
307 3035 427 3118 publice
440 3035 630 3118 percusserit.
646 3035 711 3098 lmd
725 3034 834 3098 docent
849 3035 959 3098 Suarcz
977 3043 1006 3099 et
1025 3037 1073 3100 alil

104 3133 167 3180 non
198 3119 333 3186 suillcere
356 3122 506 3206 publicam
528 3121 701 3204 hujusmodi
723 3121 853 3204 lamam,
869 3123 991 3206 quando
1016 3123 1074 3188 hoo

102 3223 165 3270 non
179 3209 363 3293 proceditur
377 3213 552 3276 notorietste
567 3209 635 3275 iacti
649 3229 703 3295 per
717 3217 806 3276 testes
818 3211 971 3276 occulatos
982 3231 989 3273 :
1001 3211 1072 3278 aliis

100 3295 213 3362 dicitur
225 3297 340 3362 crimen
354 3297 518 3378 taurosum,
530 3320 591 3364 non
604 3303 676 3364 verd
690 3301 853 3364 notorium.

141 3389 232 3452 6503.
258 3391 303 3450 An
322 3393 424 3452 autem
447 3397 554 3472 preter
582 3391 789 3453 notorietatem
813 3389 881 3453 iacti
904 3387 1073 3474 requiratur

87 3477 190 3541 etiam
206 3477 368 3542 notorietas
378 3475 472 3560 juris,
488 3499 597 3564 nempe
613 3477 695 3562 quon
718 3480 749 3542 in
765 3476 880 3560 judicio
894 3475 994 3542 clerici
1008 3497 1074 3560 per·

74 3600 81 3613 ·
97 3583 205 3630 sussor
218 3585 307 3630 suum
329 3568 444 3631 crimen
461 3567 551 3632 luerit
564 3567 735 3648 confessus,
750 3575 802 3632 aut
824 3566 862 3631 de
876 3587 913 3631 eo
935 3587 989 3651 per
1003 3587 1073 3633 sen·

102 3651 224 3718 mutiam
237 3651 399 3722 damnatus
411 3701 422 3732 ,
432 3657 559 3722 omnint
573 3674 635 3720 non
650 3661 785 3720 constat:
801 3655 850 3719 ulii
865 3655 948 3720 enim
960 3661 1073 3739 negant
