2526 3988
459 135 543 180 orara
564 133 709 182 rennos:
1022 117 1060 182 39

88 230 237 315 §iusuper
251 232 287 295 de
298 232 465 314 rescriptis,
481 231 512 293 in
527 235 578 308 6⁰3
594 251 660 314 oap.
680 233 808 297 Romano
823 234 838 294 t
852 279 859 311 ,
873 230 909 294 de
921 231 1061 312 eentum,

89 321 118 382 in
132 325 175 398 o,
191 321 381 398 eto-(Vide
396 319 536 400 terroris,
554 321 608 398 id„
621 326 655 383 n⁰
668 324 730 400 34.)

128 413 218 473 5561.
243 410 343 474 tuden
366 428 495 473 munero
508 410 678 494 accipiens,
700 429 762 474 non
781 411 880 474 solum
900 411 1064 476 mortaliter

90 505 206 582 peceat,
223 499 278 563 sed
290 504 413 562 tenetur
422 498 459 561 ad
473 518 579 563 eorum
593 501 829 581 restitutionem,
845 519 901 566 neo
910 501 1000 564 eximi
1013 521 1068 584 po-

90 593 148 650 test
160 590 199 652 ab
212 591 247 653 et
262 589 445 671 obligatione
453 607 508 670 per
517 589 726 654 remissionem
736 591 892 672 dentium,
907 595 1065 655 utoonstat

91 695 129 742 ex
150 697 217 761 cop.
248 677 403 742 Statutum
426 677 518 740 modo
540 679 682 756 citatum,
708 679 759 744 ubi
787 680 896 743 dicitur
920 699 927 741 :
948 679 1066 743 sNultt

91 785 238 830 reorum
266 767 377 850 quibus
405 769 554 830 restitutio
580 768 715 850 socienda
742 769 858 850 fuerit,
889 769 1065 832 remissione

92 879 107 916 ι
130 856 283 921 ullatenus
296 855 465 939 proiecturt
480 857 590 920 eidem.
606 879 621 916 u

132 951 222 1010 5562.
245 945 446 1028 Excipiuntur
459 954 560 1010 tamen
576 966 704 1010 munera
716 966 807 1030 porus
826 967 895 1031 quae
908 948 998 1012 senia
1011 967 1066 1012 vo·

93 1045 200 1100 rantur
216 1057 224 1098 :
240 1037 279 1100 de
301 1036 338 1100 iis
361 1037 405 1099 sio
427 1037 468 1098 ait
494 1036 627 1100 Bonitas.
657 1039 719 1099 vlit
740 1038 772 1100 in
801 1056 866 1121 esp.
894 1039 1064 1119 Stututum,

92 1126 257 1210 §lasum
271 1124 306 1188 de
320 1126 492 1208 rescriptis,
508 1126 538 1188 in
550 1130 581 1189 6⁰
594 1145 602 1188 ε
622 1127 787 1208 «Insuper,
800 1135 834 1190 ut
844 1130 971 1209 gratis...
983 1128 1067 1210 judi·

94 1239 108 1275 »
132 1216 255 1280 cium...
277 1215 435 1299 procedat,
456 1216 574 1279 nullum
596 1235 745 1280 munus...
766 1217 834 1296 (nisi
856 1217 957 1281 forsan
979 1237 1066 1284 escu-

95 1329 109 1365 r
133 1305 327 1382 tentum‚vet
337 1304 532 1387 poculentum
543 1307 628 1368 ment
641 1305 1067 1391 liberalitateoblatum,quod

94 1418 109 1456 r
133 1393 609 1478 paucisoonsumipossitdiebus,
620 1394 667 1458 vel
678 1396 827 1475 nisi‚oirm
838 1395 937 1478 ipsum
948 1409 1067 1480 propter

96 1506 110 1545 r
133 1502 258 1549 oausam
274 1483 330 1547 sibi
351 1484 545 1546 commissam
558 1484 717 1566 eontigerit
737 1491 820 1548 extra
837 1505 928 1549 suum
945 1487 1068 1551 domici·

96 1599 111 1636 o
134 1575 210 1638 lium
225 1572 388 1656 proticisci,
404 1571 572 1636 moderatos
586 1576 742 1656 expensas)
757 1575 890 1657 recipere
903 1575 942 1638 ab
953 1576 1068 1640 eisdem

95 1687 109 1726 r
134 1664 273 1747 portibus
295 1661 556 1745 qualitercumque
578 1669 751 1744 presumat.
776 1686 791 1723 r
819 1665 946 1737 Quidam
966 1670 1068 1729 tamen

96 1755 180 1818 aliter
199 1752 353 1828 sentiunt,
376 1758 410 1814 ut
426 1750 527 1814 videre
550 1759 594 1814 est
614 1752 693 1833 apud
713 1753 743 1815 S.
767 1753 943 1836 Liguorium
957 1755 1020 1834 (lib.
1036 1762 1067 1834 d,

97 1841 236 1922 omit),
253 1842 383 1924 quinon
401 1841 480 1904 uidet
498 1859 553 1904 our
572 1859 632 1902 non
651 1841 688 1903 sit
710 1841 893 1906 admittenda
915 1844 1069 1926 dispositio

98 1935 193 1999 eitotae
206 1931 381 2008 Decretalis,
397 1930 468 1993 oium
480 1949 542 1992 non
552 1931 646 2011 possit
658 1931 801 2011 praesurni
816 1931 898 2014 quod
912 1933 951 1994 ob
962 1933 1070 1996 similia

101 2039 224 2087 munera
235 2020 329 2102 judex
343 2020 469 2084 voluerit
482 2021 623 2098 injustam
639 2017 717 2081 ferre
731 2021 922 2084 sententiam.
1035 2069 1038 2075 .

136 2117 228 2178 5563.
251 2109 348 2174 tuder
376 2108 594 2172 ecclesiasticus
616 2108 809 2172 committens
837 2108 1019 2190 duratricem,
1041 2111 1071 2175 id

96 2210 142 2268 est
151 2201 282 2287 monuit
296 2206 456 2281 corruptus
470 2198 606 2279 iniquom
626 2197 725 2261 ferens
741 2200 932 2276 sententiam,
953 2199 992 2264 ab
1005 2200 1071 2264 offl-

96 2297 144 2358 eio
167 2288 364 2373 suspenditur
382 2307 435 2370 per
458 2305 574 2350 annum
597 2294 627 2350 et
648 2294 744 2370 potest
764 2287 821 2352 alit
843 2291 935 2372 poent
950 2290 1069 2372 puniri;

97 2383 207 2448 eadem
217 2380 308 2464 poent
321 2377 445 2460 punitur
466 2376 518 2459 qui
528 2376 613 2438 illum
626 2379 801 2460 corrumpit.
1091 2371 1095 2380 '

136 2475 232 2537 5564.
260 2469 407 2530 «Dentes
430 2471 531 2530 autem
556 2473 608 2528 aut
630 2467 809 2548 recipientes
835 2487 891 2551 pro
911 2469 1073 2532 obtinendt

98 2587 112 2625 r
138 2561 239 2646 gratia
252 2565 303 2621 aut
320 2556 434 2638 justitit
447 2554 528 2638 opud
547 2555 656 2618 Sedem
677 2557 900 2638 Apostolum,
916 2557 1075 2622 incurrunt

98 2681 112 2714 υ
138 2657 288 2735 preterea
301 2645 646 2710 excommunicationem
660 2643 725 2726 ipso
742 2643 820 2711 iacto
833 2653 1030 2725 reservatam.
1045 2653 1076 2712 et

98 2767 113 2803 n
140 2734 598 2817 accipientesndrestitutionem
606 2741 764 2812 tenentur;
780 2736 979 2812 atoueelerioi
991 2737 1076 2802 omni

98 2851 115 2888 u
142 2827 246 2892 officio
260 2823 470 2890 autbenetioio
486 2825 651 2904 priventur.
674 2845 689 2881 u
708 2821 753 2905 (S.
780 2822 903 2904 Liguor.
920 2820 976 2898 id,
994 2821 1076 2903 213).

99 2952 141 2967 -
160 2921 207 2981 De
223 2934 261 2979 eo
282 2916 334 2998 qui
349 2915 415 2978 otiis
426 2912 579 2993 judicibus
602 2911 717 2996 aliquid
732 2912 869 2993 largitur,
885 2910 952 2974 uide
970 2911 1078 2973 ibidem

101 3005 341 3090 (n0212).-De
355 3003 402 3066 his
418 3003 513 3084 poenis
527 3002 594 3065 silet
607 3003 640 3066 G.
660 3003 758 3084 Apost.
775 2999 872 3064 Sedis.

144 3095 238 3158 5565.
261 3091 359 3155 tuder
372 3092 475 3150 tomen
496 3083 715 3148 ecclesiasticus
733 3084 782 3147 eui
805 3084 924 3148 nullum
944 3086 1077 3168 ossigna-

103 3195 171 3250 tunr
184 3181 243 3246 fuit
262 3176 446 3261 stipendium
459 3174 505 3239 uel
525 3191 659 3256 congrua
672 3173 861 3253 sustentatio,
877 3181 977 3256 posset
990 3175 1078 3236 eliti-

103 3273 249 3359 gantibus
261 3269 382 3350 exigere
395 3263 602 3329 honorarium.
619 3263 663 3324 Ita
680 3263 882 3326 communiter
903 3263 998 3327 Bouir
1013 3263 1077 3346 (id,

103 3365 215 3429 tonui
280 3360 381 3422 .t38.

147 3409 240 3518 55661
255 3379 297 3495 R-
313 3449 346 3510 4⁰
360 3358 459 3509 iudex
473 3443 608 3506 minister
621 3447 651 3506 et
663 3446 764 3506 custos
777 3441 878 3521 legum
892 3458 957 3503 esse
972 3441 1077 3515 debet,

105 3561 171 3607 non
188 3545 292 3604 autem
307 3533 431 3599 arbiter:
442 3533 524 3596 unde
537 3533 565 3595 oi
576 3550 638 3594 non
651 3531 721 3592 lieet
732 3529 771 3591 de
784 3528 857 3609 ipsis
868 3529 1014 3608 judicare,
1028 3531 1081 3592 sed
