2452 3984
437 245 523 294 arara
543 249 676 298 rsnrrns.
988 237 1047 304 259

87 357 99 395 a
120 336 207 422 hujus
224 339 287 416 rei,
309 341 507 426 relinquimus
529 351 581 409 tuo
600 346 738 427 arbitrio,
761 353 795 412 ut
819 349 953 415 declares
976 373 1046 435 quea

85 447 98 484 a
120 428 260 508 sitieris,
282 438 313 494 et
334 451 403 514 quae
422 435 555 497 enormis
577 435 702 515 injuria,
724 437 921 504 admonentes
939 447 972 505 ut
990 461 1045 526 po-

84 535 97 574 n
119 515 174 580 liius
186 519 318 584 declares
331 522 363 584 in
378 521 471 586 dubio
485 542 549 586 esse
567 526 792 606 percussionem
808 547 949 610 gravem,
965 538 995 593 et
1006 533 1044 594 nl]

16 645 17 652 κ
84 626 97 663 ι
118 610 151 669 et
163 627 224 672 non
238 629 326 692 posse
344 611 509 691 absolvere,
525 615 631 696 quarn,
645 615 827 678 declarando
845 617 941 680 levem
962 639 1042 698 esse,

83 715 106 765 r.
118 699 303 762 occasionem
326 701 461 783 praebeas
479 701 608 766 laedendi
628 707 740 768 ststum
762 703 1041 770 ecclesiasticum.»

16 867 17 872 ἵ
83 785 110 846 S.
121 787 237 870 liguor.
249 789 314 869 (lib.
329 795 360 867 ⁵1,
376 803 411 852 n·
423 795 505 871 277).

117 880 199 941 calo.
212 880 256 942 Ex
271 879 319 942 his
332 882 394 942 Dll.
406 880 512 944 dicunt
523 883 752 964 percussionem
766 883 951 948 mediocrem
960 885 1044 950 illam

83 982 139 1028 esse
148 985 181 1029 ex
195 971 256 1050 qud
271 969 436 1032 extrahitur
445 970 536 1049 dens,
551 973 597 1035 vol
607 973 786 1053 capillorum
799 975 886 1056 copia
897 975 1043 1055 evellitur,

16 1091 17 1094 =
83 1060 127 1114 aut
145 1056 177 1118 fit
205 1059 377 1141 suggillatio
400 1061 499 1126 carnis
524 1079 594 1124 oum
617 1062 764 1126 effusione
790 1063 965 1144 sanguinis,
991 1065 1044 1126 sed

82 1141 185 1226 absque
197 1149 280 1228 gravi
301 1149 423 1211 laesione
436 1149 483 1211 vel
503 1149 625 1232 injuria.
645 1152 875 1216 Percussionem
888 1153 958 1215 verd
978 1152 1043 1216 lieri

16 1253 17 1256 ¹
81 1250 229 1312 mortuam,
247 1239 274 1300 si
288 1256 398 1318 magna
408 1239 566 1302 interuenit
580 1241 765 1320 vulneratio,
782 1246 834 1304 aut
847 1259 956 1324 magna
970 1261 1043 1306 san-

81 1323 169 1402 guinis
182 1325 290 1390 effusio
308 1325 428 1390 aliunde
443 1331 535 1410 quam
547 1331 564 1392 e
578 1330 720 1410 naribus,
732 1331 778 1394 vel
793 1349 903 1412 magna
919 1331 1040 1412 injuris.

82 1411 120 1489 (S.
131 1415 265 1496 liguor,
281 1416 333 1478 lib.
349 1420 389 1495 i,
407 1426 441 1478 n⁰
454 1421 536 1496 277.)

113 1505 196 1567 dili.
207 1506 369 1569 Percussis
381 1505 452 1568 levis
461 1525 541 1589 saepe
550 1514 646 1590 potest
655 1508 780 1572 eradere
793 1511 896 1591 pravis
905 1510 951 1573 vel
962 1530 1042 1574 enor-

80 1591 128 1654 aa
144 1595 260 1659 ratione
283 1595 595 1674 circumstantiarum,
618 1596 755 1661 videlicet
771 1618 778 1660 :
801 1603 832 1660 l·
846 1600 961 1664 ratione
969 1621 1041 1684 per·

16 1737 17 1742 ,
79 1698 145 1746 sone
158 1682 257 1764 loeroe,
272 1685 297 1748 si
312 1685 351 1747 sit
361 1684 477 1759 obbas,
493 1687 637 1748 Praelntus
655 1688 849 1767 monasterii,
862 1688 971 1770 judex,
987 1690 1040 1754 he·

80 1787 137 1850 rus,
150 1774 289 1856 aliusque
302 1773 334 1836 in
348 1773 496 1856 [lignitate
509 1777 702 1853 constitutus;
719 1781 751 1838 2⁰
764 1777 879 1839 ratione
894 1777 1039 1860 laedentis,

80 1861 143 1924 risit
156 1863 312 1943 officialis,
328 1863 441 1944 laicus,
456 1864 503 1928 rel
517 1864 670 1947 plebeius,
685 1871 716 1927 et
730 1865 864 1927 nobilem
876 1869 1037 1946 percutiat;

80 1951 104 2010 3·
120 1955 235 2017 ratione
249 1971 386 2036 personae
405 1971 506 2016 coram
523 1957 584 2035 qut
598 1954 752 2036 percussio
768 1953 821 2030 iit,
841 1973 869 2016 v.
890 1974 920 2036 g.
937 1975 1039 2018 coram

80 2039 207 2120 Praelat03
223 2043 386 2108 irratione
400 2042 544 2120 scandali,
555 2041 579 2105 si
593 2043 721 2106 clericus
735 2044 753 2104 a
766 2041 916 2105 monacho
930 2062 1039 2125 percu·

77 2128 155 2194 tiatur
164 2155 173 2210 ;
189 2134 224 2196 5⁰
236 2133 353 2196 ratione
369 2133 441 2208 loci,
458 2131 482 2193 si
497 2131 633 2214 percutio
649 2131 700 2192 dat
713 2133 745 2193 in
762 2130 904 2204 eeclesia,
928 2131 960 2193 in
975 2133 1039 2213 pla-

76 2223 114 2280 teat
126 2270 132 2298 ,
146 2229 206 2286 etc.
217 2242 226 2299 ;
239 2227 271 2285 6⁰
285 2222 400 2285 ratione
413 2221 575 2303 temporis,
588 2221 612 2283 si
627 2221 754 2284 clericus
769 2220 951 2302 percutiatur
964 2221 1039 2286 dum

17 2359 18 2362 ,
74 2317 147 2374 vacat
169 2313 264 2376 sacris
284 2310 508 2388 functionibus,
523 2310 597 2373 dum
620 2318 664 2374 est
687 2310 779 2374 sacris
800 2310 930 2374 vestibus
953 2311 1039 2376 indu·

16 2461 18 2468 a

16 2397 18 2446 i
75 2401 132 2478 tus,
145 2407 205 2465 etc.
218 2423 227 2478 3
244 2407 275 2462 ’1ο
296 2400 412 2464 ratione
426 2400 543 2482 injuriae
557 2405 592 2462 ut
605 2400 630 2462 si
645 2401 713 2480 quis
726 2399 869 2462 clericum
883 2400 1036 2482 denudet,

16 2505 18 2528 i
73 2492 232 2554 atramento
252 2490 298 2554 vel
320 2497 450 2554 stercore
471 2489 586 2553 vultum
614 2487 720 2567 faedet,
744 2495 801 2551 etc.
829 2487 871 2568 (S.
894 2488 1035 2570 Lignea,

16 2591 18 2652 ;
73 2575 261 2660 uuonan

107 2673 193 2734 6218.
218 2670 269 2732 llis
283 2669 452 2752 explicatis,
465 2674 500 2732 ut
512 2669 549 2732 ad
571 2667 756 2750 propositam
770 2665 968 2748 quaestionem
981 2668 1036 2734 de·

16 2783 18 2826 t
72 2749 1036 2841 veniamusdicimus:1⁰episcopos,eorumqueVicanosposse

16 2829 18 2946 l

16 2979 18 2992 i

16 3003 17 3012 r

72 2846 247 2912 absolveres
261 2849 456 2931 percussione
465 2847 521 2910 leri
532 2895 540 2925 ,
551 2847 640 2909 etiam
656 2845 778 2928 publica
792 2847 868 2927 (cap.
885 2846 1033 2930 Peruenit,

70 2935 101 2998 de
112 2946 183 3000 sent.
204 2941 372 3017 eremum.);
388 2939 449 2999 2⁰a
469 2937 663 3019 percussione
676 2937 797 2998 enormi
808 2941 859 2998 eut
873 2938 1033 3017 mediocri,

71 3026 92 3086 si
104 3028 142 3088 sit
154 3027 292 3110 publica,
308 3027 461 3089 absolvere
475 3044 562 3108 posse
576 3027 694 3089 tantirm
708 3027 841 3108 Papam,
857 3028 1002 3107 Legatum
1016 3029 1035 3089 tt

70 3113 171 3196 latere,
196 3117 309 3199 legatos
333 3115 441 3178 missos
464 3117 496 3178 in
516 3115 647 3198 aliquam
670 3115 856 3197 provinciam
881 3116 958 3195 (cap.
986 3115 1037 3176 Ad

69 3205 279 3284 Eminentium,
288 3206 322 3268 de
331 3213 404 3269 sent.
415 3225 574 3277 eoronam:
589 3225 654 3287 cap.
667 3205 795 3287 penult,
805 3203 850 3264 De
861 3203 968 3284 Officio
981 3203 1035 3264 Le·

16 3321 17 3326 ¹
68 3297 156 3376 pati);
171 3297 196 3360 si
209 3296 281 3359 verd
298 3295 337 3358 sit
358 3294 493 3374 occulta,
507 3302 633 3376 possunt
653 3294 692 3356 ab
712 3297 748 3356 ed
768 3290 920 3354 absolvere
943 3293 1033 3354 etiem

68 3385 202 3468 Episcopi
216 3385 323 3463 (Trid,
343 3403 417 3448 sess.
432 3388 483 3464 at,
497 3403 525 3447 e.
543 3383 576 3464 6)
593 3402 601 3444 :
617 3384 680 3446 imd
696 3382 788 3444 iidem
806 3385 932 3461 possunt
945 3381 963 3440 a
977 3399 1032 3461 pu*

16 3517 17 3520 ,
68 3470 139 3536 blica
153 3474 306 3538 absolvere
320 3473 462 3537 mulieres
476 3475 556 3556 (cap.
570 3472 721 3550 Mulieres,
730 3469 765 3533 de
777 3475 851 3532 sent.
867 3475 1030 3551 creonam),

68 3563 177 3626 etiarnsi
206 3565 361 3648 percussio
383 3562 473 3626 fuerit
499 3565 650 3638 enormis;
679 3561 752 3622 item
778 3558 969 3640 impuberes,
996 3579 1033 3626 ao

16 3649 18 3658 ’
68 3668 115 3716 eos
142 3654 194 3736 qui
221 3651 415 3734 collegialiter
440 3651 564 3730 vivunt,
589 3652 614 3713 si
641 3645 795 3730 percussio
817 3647 909 3708 luerit
934 3649 1031 3730 gravis
