2466 4258
241 155 327 202 urana
346 154 479 202 renatus.
503 169 541 186 —·
562 153 753 201 nranuurcas.
931 133 989 197 ll3

30 275 116 335 rdem
144 273 313 352 producto.
341 271 492 334 Similiter
517 273 770 352 interrogentur,
800 279 907 336 utrum
935 272 991 353 qui

30 384 86 426 ree
110 363 245 424 medicae
265 361 426 442 subjectus
441 361 512 438 fuit,
523 361 574 424 vel
588 361 702 440 aliquis
715 361 798 426 alius
813 362 875 442 ipsi
890 362 991 424 mani·

29 453 183 528 staverit,
196 449 433 512 matrimonium
448 455 501 512 aut
526 470 590 514 non
606 459 860 516 consummatum
880 453 991 524 luisse,

29 551 56 604 it
72 562 139 604 non
154 541 298 622 potuisse
315 541 544 616 consummari3
562 541 638 620 qnid
651 541 713 622 ipsi
729 542 868 606 sentiant
884 543 922 606 de
933 543 990 604 tuli

29 639 128 694 ¹‚serta
144 651 207 694 non
223 630 509 707 consummatione,
524 629 601 712 quid
620 631 687 692 alii.

40 722 254 800 Singulorum
267 720 395 783 testium
414 719 542 799 expleto
558 719 715 800 examine,
730 721 793 784 duo
815 721 930 785 saltem
954 741 992 784 ex

28 811 237 876 alehrioribus
250 809 416 873 medicinae
442 814 474 872 et
489 809 658 890 chirurgiae
680 811 790 892 peritis
805 811 991 890 seligantur,

28 903 59 964 ui
73 920 192 982 corpus
202 899 261 962 viri
276 899 457 980 inspiciant,
469 899 496 960 si
508 899 546 962 de
560 899 660 978 ipsius
673 899 859 981 impotentia
871 901 991 978 agitur,

28 993 145 1070 ajuxta
163 990 300 1072 probata
315 1008 381 1052 suaa
396 989 472 1051 erlis
488 995 647 1069 praecepta
668 990 863 1066 examinent,
885 997 993 1052 utrum

28 1083 48 1142 d
66 1082 245 1143 coeundum
261 1084 371 1160 potens
393 1077 443 1140 sil.
460 1081 638 1158 Antequam
653 1098 734 1158 opus
759 1079 819 1141 sihi
846 1081 994 1142 commis-

27 1191 81 1234 um
94 1169 228 1249 implere
240 1169 405 1248 incipiant,
418 1168 638 1248 juramentum
649 1174 801 1249 praestent
813 1171 850 1232 de
862 1189 994 1234 munere

27 1258 404 1339 dimplendocunromni
433 1255 600 1336 diligentia
623 1265 656 1318 et
686 1259 725 1320 de
746 1258 867 1338 judicio
892 1260 995 1340 prole·

27 1351 112 1414 endo
137 1347 259 1428 absque
284 1347 349 1410 ullo
372 1348 510 1426 partium
526 1345 641 1410 studio.
661 1347 819 1426 Quidquid
845 1367 882 1410 ex
910 1350 996 1412 laeta

27 1436 212 1520 aspectione
232 1437 420 1514 detexerint,
447 1435 565 1516 scripto
585 1437 777 1514 narrabunt,
803 1443 836 1499 et
858 1437 996 1518 ingenue

26 1533 136 1601 icant,
163 1523 238 1606 quid
267 1527 329 1605 ipsi
358 1525 501 1588 sentiant
526 1525 565 1588 de
590 1525 676 1588 illius
698 1526 757 1588 viri
787 1527 994 1606 impotentia;

26 1627 124 1680 rtrum
133 1632 203 1676 aem
215 1619 328 1692 putent
340 1615 536 1694 acquisitam,
549 1633 589 1676 an
599 1614 790 1692 ingenitam3
803 1615 997 1692 absolutam,

26 1729 57 1771 tn
72 1703 248 1768 relativam.
266 1705 340 1766 llaec
355 1705 475 1784 scripta
501 1704 541 1765 ab
566 1703 643 1782 ipsis
663 1701 848 1782 juramento
873 1705 999 1768 firmata

26 1791 210 1862 :ancellario
227 1795 408 1872 tradentur,
425 1799 461 1856 ut
476 1793 560 1854 inter
573 1797 646 1854 eata
660 1800 897 1856 recenseantur.

56 1881 281 1948 assimiliter
309 1883 380 1945 duae
409 1883 570 1963 eligantur
593 1881 781 1945 obstetrices
807 1884 840 1944 in
868 1891 937 1946 arte
966 1891 997 1946 at

25 1975 107 2042 traxi
125 1971 290 2054 peritiores
306 1991 343 2034 ec
360 1973 450 2036 bonae
474 1973 579 2046 famae,
596 1973 722 2054 quibus,
739 1976 811 2048 post
841 1973 996 2036 amissum

29 2062 280 2128 uramentumde
294 2055 427 2126 munere
443 2061 584 2124 fideliter
594 2061 812 2139 adimplendo,
822 2062 1000 2124 committa-

25 2174 74 2217 ,nr
89 2149 243 2231 inspectio
255 2151 401 2232 corporis
417 2149 570 2212 mulieris.
587 2151 656 2212 lstae
671 2149 894 2212 obstetricesa
922 2151 1001 2212 duo-

25 2263 82 2306 aus
96 2240 205 2302 saltem
221 2239 344 2320 peritis,
367 2257 431 2300 uno
458 2238 594 2312 medico,
606 2239 706 2302 altero
722 2237 886 2318 chirurgo,
904 2245 999 2302 erunt

25 2329 214 2396 nstruendaa
240 2329 279 2390 de
307 2327 565 2408 recognoscendo
588 2333 671 2392 statu
688 2327 821 2408 physico
846 2329 998 2406 mulieris,

25 2433 119 2506 prout
133 2416 299 2480 medicine
318 2417 431 2496 legalis
446 2423 607 2498 praecepta
635 2417 753 2479 lerunt.
775 2416 893 2482 Deinde
925 2437 1001 2479 una-

25 2525 156 2593 quaeque
171 2523 284 2570 aarum
299 2526 454 2582 seorsum,
481 2525 552 2586 quae
578 2505 731 2584 repererit
759 2506 817 2566 sub
829 2505 1003 2586 juramenti

25 2605 86 2665 lide
100 2599 132 2660 in
148 2595 275 2675 scriptis
285 2604 340 2660 aut
355 2597 467 2658 saltem
487 2603 637 2658 oretenus
650 2597 736 2675 apud
751 2595 890 2656 tribunal
905 2614 1003 2676 expe·

25 2698 87 2764 not,
105 2683 225 2766 etquid
248 2686 317 2768 ipsa
332 2685 496 2750 sentiatde
513 2685 585 2748 talis
600 2684 746 2747 mulieris
761 2685 959 2764 integritate,
973 2690 1004 2748 et

25 2786 65 2843 da
81 2778 146 2856 ejus
174 2775 351 2854 aptitudine
367 2775 515 2837 adactus
540 2774 737 2853 conjugales,
755 2773 781 2836 si
805 2775 875 2837 haec
899 2774 1005 2854 impu-

25 2864 188 2948 gnatasit,
218 2863 361 2928 declaret
385 2865 576 2944 sportellae
601 2863 774 2925 relationes
803 2863 1003 2926 medicorum

25 2957 142 3032 judicio
155 2955 377 3038 subjiciantur,
405 2953 459 3032 qui
475 2972 534 3016 sua
550 2951 777 3030 vicereleranl,
804 2959 911 3014 ulrum
939 2953 1005 3014 ins-

26 3047 128 3126 pectio
150 3045 338 3126 regulariter
366 3043 407 3104 sit
423 3043 527 3119 lacta3
550 3047 656 3102 ulrum
678 3059 717 3102 ex
733 3039 803 3119 ipsa
829 3039 1006 3102 habeantur

29 3131 214 3194 sufficientia
228 3135 386 3196 elementa
402 3133 443 3192 ad
468 3130 626 3209 judicium
641 3128 867 3209 proferendum
882 3128 921 3190 de
934 3146 1006 3190 con·

28 3223 147 3284 ditione
163 3221 235 3283 talis
257 3221 426 3296 mulieris;
455 3225 486 3284 et
509 3226 617 3280 utrum
633 3215 748 3278 axillis
771 3213 886 3276 deduci
905 3215 1008 3294 possit

28 3330 85 3394 pro
105 3311 231 3374 diversa
257 3311 425 3374 dubiorum
443 3309 568 3372 ratione
589 3305 732 3386 ejusdem
759 3301 810 3366 val
841 3303 1008 3384 integritas

29 3403 77 3462 rol
93 3401 186 3462 etium
215 3402 412 3482 impotentia.

69 3491 156 3561 tluod
173 3491 200 3553 si
227 3491 260 3554 in
277 3490 436 3572 aliquibus
449 3487 528 3552 locis
545 3483 734 3550 obstetrices
751 3483 860 3566 peritae
874 3503 936 3546 non
951 3483 1009 3546 ha·

1198 3429 1202 3581 l
