2462 3984
387 253 473 302 rram
493 253 624 300 rennos.
943 239 1001 303 roo

59 349 131 413 llnde
144 352 287 416 actuarius
299 357 329 416 ct
349 351 545 417 cancellarios
567 357 639 416 sunt
658 350 749 417 simul
769 353 861 418 etiam
879 357 1006 438 notarii,

58 438 102 500 sed
115 457 170 501 non
182 441 244 505 ricc
258 447 352 506 versit.

91 541 170 604 ,iliud
183 545 272 606 etiam
292 551 336 608 est
349 542 511 608 discrimen
531 544 564 607 in
578 561 616 608 ao
638 545 723 628 quod
741 545 875 609 notarius
896 549 1008 612 consti·

58 634 142 692 luatur
153 631 190 694 ad
210 633 301 695 fidem
314 632 483 696 taciendam
506 633 607 716 quoad
621 633 764 716 quaelibet
774 641 857 712 acta,
871 634 945 700 dum
958 655 1009 701 ao·
1110 663 1112 666 ·

59 720 130 780 marii
143 727 170 782 et
182 722 348 786 cancellarii
368 722 551 804 deputantur
565 723 665 785 solirm
678 721 718 785 ad
731 721 899 785 taciendam
917 723 1009 789 tidem
1114 752 1118 756 ·

57 807 142 955 qbuoad
154 817 215 962 alost?
229 813 329 981 {curiae
349 811 396 872 vel
414 811 661 874 cancellarlaecui
675 809 866 875 addicuntur.
882 811 1009 895 (Bonis,

57 913 102 972 r.‚
115 917 143 978 p.
217 945 224 961 .

89 1004 464 1069 5776.-11.N0toriialii
485 1011 556 1068 sunt
575 1003 633 1068 tori
651 1001 865 1082 ecclesiastici,
886 1002 936 1066 alii
955 1003 1012 1068 lori

56 1087 128 1168 laici,
143 1093 189 1156 alii
203 1093 259 1156 lori
276 1095 371 1156 mixti.

88 1195 1013 1279 Ecclesiasticioividunturindoloriosdpostolieosseuasedo

59 1283 211 1363 lpostolicd
223 1293 359 1362 creatos3
379 1293 409 1350 et
423 1288 555 1350 notarios
574 1293 752 1349 caeterorum
772 1285 1011 1352 Ordinariorum.

57 1372 201 1452 Apostolici
217 1385 320 1440 aulem
338 1383 408 1440 sunt
423 1377 469 1439 vel
482 1375 657 1457 simpliciter
670 1375 793 1438 Notarii
811 1375 857 1436 vel
873 1374 1013 1438 Protom-

58 1461 120 1521 torr‘i
128 1482 139 1524 .·
152 1463 188 1526 de
201 1465 264 1528 istis
279 1465 447 1547 specialiter
458 1465 549 1528 locuti
561 1483 667 1528 sumus
677 1482 766 1547 supra
781 1465 881 1543 (clim
897 1474 1014 1529 caeterae

58 1547 302 1618 denominationes
316 1555 387 1617 salis
401 1554 619 1636 intelliguntur.

90 1653 170 1717 till.
185 1657 285 1718 -ΙΙΙ,
302 1657 423 1719 Certum
437 1663 481 1718 est
494 1655 627 1720 officium
643 1658 750 1720 notorii
765 1657 933 1741 prohiberi,
947 1656 1015 1738 jure

58 1744 214 1821 communi,
229 1743 348 1809 clericis
361 1747 393 1806 in
413 1746 505 1808 sacris
518 1747 686 1808 constitutis
701 1753 730 1808 et
743 1745 908 1828 religiosis3
924 1744 1016 1827 idque

60 1837 159 1894 constat
174 1834 320 1897 Decretali
334 1833 421 1895 Sicut
432 1837 463 1912 8,
477 1835 522 1897 tit.
539 1839 590 1912 50,
602 1834 669 1896 libr.
685 1837 699 1896 l
717 1837 849 1910 Decret.;
864 1843 895 1898 et
907 1835 1016 1916 proba·

61 1913 137 1982 bilius
147 1921 202 1986 hoc
215 1921 449 2004 intelligendum
469 1929 515 1985 est
528 1924 619 1985 etiam
639 1922 677 1985 de
697 1923 814 1986 clericis
828 1921 1014 1990 minoribus,

62 2003 282 2094 liretbeneliciis
300 2018 422 2074 careant
435 2013 511 2093 (cap.
531 2010 572 2074 Ut
585 2010 709 2091 offin'um
730 2014 785 2088 lt,
799 2009 846 2071 tit.
861 2015 896 2086 ἢ,
912 2009 964 2072 lib.
981 2014 1017 2086 5,
1040 2081 1044 2088 ¹

65 2091 91 2152 in
103 2099 145 2176 6⁰).
158 2099 324 2163 prohibitio
337 2099 403 2162 lraee
415 2100 505 2164 ctiam
524 2099 623 2162 curias
637 2104 667 2159 et
684 2115 791 2162 causas
804 2095 1020 2159 ecclesiasticas

63 2186 180 2267 respicit,
194 2191 219 2252 si
234 2195 339 2251 tamen
354 2189 540 2270 excipiantur
552 2205 651 2250 causae
665 2185 735 2250 tidei
749 2189 797 2264 (cx
811 2185 879 2248 eod.
894 2187 978 2268 cap.)
990 2191 1019 2248 et

61 2271 147 2337 clerici
160 2279 211 2359 qui
225 2281 244 2340 a
259 2276 338 2340 Sede
354 2277 525 2360 Apostolica
538 2275 644 2339 notarii
660 2276 751 2339 creati
766 2275 862 2338 lucre.

93 2372 175 2435 5778.
188 2371 250 2436 Sed
260 2391 298 2434 ex
307 2371 524 2436 consuetudine
534 2371 665 2454 generali
676 2373 693 2434 a
704 2372 794 2453 longo
807 2379 944 2454 tempore
955 2372 1019 2451 jam

60 2455 175 2538 rigente,
187 2461 348 2526 nunclicct
354 2461 471 2525 clericis
485 2461 574 2524 etiam
585 2461 616 2522 ln
627 2461 718 2524 sacris
727 2461 961 2523 constitutishoc
973 2459 1018 2521 ol-

61 2541 150 2610 ficium
159 2549 305 2632 implere,
319 2567 376 2632 pro
390 2550 505 2614 actibus
517 2549 700 2612 auctoritatis
713 2549 920 2610 ecclesiasticae
934 2594 942 2624 ‚
958 2565 1020 2608 non

60 2637 121 2697 rerd
133 2637 164 2700 in
177 2639 271 2702 curiis
284 2637 477 2702 saecularibus
492 2657 500 2699 :
515 2637 583 2700 vide
603 2636 634 2698 id
657 2635 818 2718 probatum
836 2637 853 2696 a
871 2637 907 2696 D.
925 2635 1022 2696 Bouirr

62 2731 152 2788 ronna
164 2727 344 2809 Fagnanum
364 2727 437 2806 (im,
451 2745 483 2808 p.
496 2727 666 2805 tactem:
683 2730 713 2787 et
725 2742 826 2788 revera
841 2742 904 2786 non
922 2723 1021 2786 solirm

62 2808 88 2871 in
100 2814 208 2892 Gallia,
225 2815 391 2894 sanandis,
407 2815 460 2879 sed
473 2816 564 2878 etiam
575 2816 608 2877 in
626 2813 778 2896 plerisque
792 2814 899 2876 mundi
918 2813 1020 2876 catho-

63 2896 103 2961 lici
116 2905 287 2985 regionibus
300 2905 519 2986 Episcoporum
533 2903 702 2967 cancellarii
727 2911 798 2966 sunt
819 2902 919 2966 clerici
933 2947 942 2980 ,
960 2903 1023 2964 imd

64 2994 87 3048 cl
99 2993 274 3056 mcerdotes.

96 3097 180 3245 5773.
197 3095 322 3246 Qrssaerit.
336 3097 368 3158 l·
382 3097 408 3158 Α
423 3113 485 3178 quo
500 3095 621 3158 creandi
636 3095 695 3157 sint
709 3095 833 3173 notarii,
856 3093 978 3158 actuarii
992 3098 1023 3156 ct

66 3195 147 3245 cance
168 3186 224 3247 arri

98 3278 182 3362 Resp.
199 3283 230 3344 1⁰
244 3283 267 3342 A
284 3280 348 3344 solo
358 3281 507 3364 Supremo
516 3280 656 3362 Principe
668 3281 789 3364 proprio
800 3283 868 3361 jore
877 3277 1022 3342 creandos

65 3377 122 3428 esse
134 3367 224 3432 videri
241 3389 250 3430 z
269 3369 394 3450 «Quia,
410 3369 507 3452 inquit
520 3368 659 3451 Pirrhing
678 3374 738 3452 (ap.
763 3369 880 3445 Bouix,
895 3367 1021 3448 ibidem,

65 3473 78 3508 o
100 3473 127 3535 p.
138 3457 315 3537 l97)‚solus
324 3457 468 3541 Princeps
478 3459 645 3540 Supremos
658 3463 755 3540 potest
765 3455 947 3538 quidpiaml
954 3458 1022 3538 juro

67 3561 79 3598 r
99 3546 250 3610 communi
268 3547 407 3636 omnium
426 3547 597 3611 exorbitans
615 3546 705 3609 veluti
726 3545 928 3628 dispensando
948 3565 1020 3610 eom

66 3647 79 3685 r
100 3633 267 3698 stituere...:
278 3635 310 3697 id
318 3641 420 3700 autem
428 3636 514 3700 valde
522 3634 695 3700 exorbitans
703 3637 774 3698 esta
788 3635 943 3699 communi
955 3637 1024 3716 juro

174 3756 203 3800 r.
219 3754 258 3800 rr.
885 3740 906 3800 4

645 3828 708 3840 ,μμ-.-
720 3827 737 3836 .-
