2462 3984
406 277 491 322 arasa
512 277 644 325 rxarrun.
941 265 1001 328 los

58 393 127 450 mm;
142 393 222 439 secus
234 380 278 438 est
292 374 414 458 quando
434 373 607 456 proceditur
620 374 657 437 ad
676 374 846 440 instantiam
861 375 1000 458 alicujus.

56 465 88 524 lta
100 464 354 546 Solimalzgrueber
367 469 427 545 lap.
445 463 552 540 Bouix‚
568 463 624 542 iu,
639 484 670 546 p.
688 467 768 544 105).

86 563 163 626 5870.
187 562 305 634 Quaerit.
329 565 359 624 2⁰
381 563 526 635 Ouaenam
545 561 605 623 sint
625 561 808 626 observanda
822 565 854 626 in
877 563 1001 647 inquisi-

54 649 120 711 tione
132 651 266 732 speciali,
283 669 324 713 ne
337 669 496 734 processus
511 649 646 714 nullitate
660 651 796 714 laboret?

85 747 162 828 liesp.
179 751 288 810 Praeter
302 749 459 811 infamiam
473 747 615 830 praeviam
628 749 667 812 de
681 752 742 832 qua
756 751 1001 833 supradiximus,

52 841 76 894 ot
86 837 281 916 probationem
299 837 379 901 illius
395 839 430 916 (si
440 837 478 899 ad
489 837 660 900 instantiam
670 839 861 920 procedatur)
874 842 1002 922 requiri·
1101 863 1104 868 ·

52 929 107 984 tur:
119 926 212 988 rSub
226 929 319 1008 poent
328 926 483 1004 nuditatis,
499 933 532 989 ut
542 925 635 1006 iudex
648 929 720 990 citet
728 947 826 1006 reum,
838 934 878 1005 et,
887 946 924 990 co
937 947 1003 991 exa·

53 1013 165 1092 minato,
187 1022 221 1077 ut
233 1015 333 1078 eidem
355 1021 504 1097 proponat
528 1013 659 1096 capitula
681 1016 918 1098 superquam,
940 1019 1003 1079 exi·

53 1109 126 1177 gente
150 1101 226 1165 terrra
243 1110 296 1166 aut
318 1103 461 1167 instantia
474 1103 584 1185 partis,
605 1102 661 1166 luit
679 1105 856 1186 inquisitus,
882 1123 1003 1170 necnon

52 1187 230 1269 depositiones
252 1191 376 1255 testium
394 1200 424 1255 et
441 1193 532 1254 etiam
551 1192 686 1273 ipsorum
709 1195 845 1257 nomina.
863 1199 895 1257 2⁰
909 1194 1002 1278 Debet

51 1277 124 1350 judex
137 1281 282 1364 recipere,
300 1281 405 1344 audire
427 1301 462 1344 ac
476 1281 648 1344 examinare
672 1284 738 1364 ejus
757 1285 950 1365 exceptiones
966 1302 1001 1347 ae

52 1366 228 1433 (intensiones.
244 1375 287 1433 lta
300 1371 504 1434 communiter
518 1377 548 1432 et
560 1372 659 1449 certe,
674 1380 708 1434 ut
720 1379 800 1454 patet
813 1392 848 1434 ox
870 1392 936 1454 cap.
953 1373 1002 1434 Aa

50 1457 198 1531 patiu'onem
215 1465 272 1535 223
288 1479 357 1542 cap.
384 1460 542 1537 Qualiter..
557 1459 603 1521 tit.
621 1463 650 1538 t,
670 1460 757 1523 tius
782 1465 898 1525 Deerat.
924 1463 1000 1525 ilinc

53 1543 71 1601 si
89 1545 162 1624 priirs
178 1568 239 1612 non
258 1549 345 1613 lieret
366 1550 538 1632 inquisitio,
567 1555 596 1610 et
618 1551 717 1612 statim
735 1569 788 1613 reo
812 1550 1002 1614 traderentur

52 1633 167 1712 capitula,
187 1638 259 1700 nihil
273 1647 415 1720 ageretur
429 1639 501 1721 quia
515 1639 712 1702 inverteretur
734 1639 819 1703 ordo.
837 1639 927 1721 <ride
949 1658 998 1723 ap.

54 1723 140 1810 Bonis,
153 1753 183 1816 p.
198 1738 256 1798 {06
269 1739 345 1816 etc.)

440 1934 523 1999 ΛΒΤ.
547 1935 592 1999 ll.

166 2107 266 2155 uotiua
288 2105 472 2154 Pitocautmul
493 2105 550 2150 PER
570 2103 640 2150 vluit
662 2103 859 2149 excarricato.

82 2259 158 2322 tall.
180 2265 255 2326 Ciam
270 2262 311 2326 ad
324 2261 510 2325 ordinarium
524 2277 700 2342 processum
719 2259 864 2342 pertineat
884 2266 1001 2326 uirens

53 2347 127 2421 possit
138 2353 291 2436 excipere,
307 2351 338 2414 id
352 2357 398 2414 est
410 2350 542 2432 aliquem
564 2347 715 2412 detectum
729 2356 795 2411 tum
807 2349 919 2430 judici,
934 2359 1000 2416 tum

52 2435 172 2516 testibus,
190 2441 228 2504 ad
241 2459 296 2506 eos
314 2441 352 2502 ab
365 2440 480 2502 intento
498 2437 702 2520 repellendos,
717 2437 867 2518 objicere;
883 2446 914 2500 et
928 2441 1000 2504 cium

52 2537 80 2582 ex
91 2523 132 2586 illa
144 2528 311 2610 objectione
325 2533 482 2592 enascatur
496 2545 573 2590 nova
586 2544 688 2605 causa,
703 2525 803 2607 inqua
816 2526 1000 2592 observanda

51 2619 106 2673 sunt
122 2625 260 2682 consueta
270 2618 349 2699 juris
362 2616 400 2680 de
422 2615 513 2679 modo
527 2611 710 2698 procedendi
723 2615 917 2697 prescripta,
932 2615 1000 2681 ided

52 2695 113 2762 luter
124 2706 224 2770 modos
237 2705 407 2770 ordinarios
420 2711 594 2768 recensetur
607 2703 715 2766 modus
728 2721 783 2784 per
792 2705 1000 2787 exceptionem

52 2791 230 2877 praedendi,
245 2797 301 2882 qui
313 2794 351 2858 ad
365 2793 528 2877 quamdam
543 2793 675 2878 speeiem
688 2793 886 2856 accusationis
897 2795 999 2860 reduci

52 2881 140 2951 potest.

83 2970 159 3033 5872.
180 2975 325 3056 Exceptio
344 2992 417 3056 ergo
430 2976 475 3036 est
488 2971 567 3034 ratio
580 2970 615 3032 ob
629 2991 716 3054 quum
734 2991 801 3034 retu
808 2973 941 3055 postulat
954 2993 1000 3036 oc·

55 3057 127 3118 torem
139 3059 226 3142 dejici
236 3063 275 3126 cd
287 3083 319 3126 eo
331 3061 410 3147 quod
421 3061 621 3145 prosequitur.
641 3063 683 3123 lle
701 3061 916 3144 adloquuntur
931 3081 1000 3126 auo·

53 3143 117 3206 lites
127 3149 180 3212 sub
188 3150 382 3216 haclormula
393 3171 401 3213 :
413 3149 537 3212 actionis
545 3147 592 3212 vel
603 3149 773 3234 intentionis
781 3149 920 3228 exclusio,
932 3169 1000 3231 quae

53 3227 356 3305 pluribusmodistteri
370 3245 478 3322 potest.
972 3253 975 3264 ·

85 3321 213 3409 Exceptio
221 3337 266 3392 est
273 3330 318 3392 rel
332 3328 509 3400 criminalis,
526 3327 649 3411 quando
662 3327 802 3408 obiicitur
815 3326 936 3408 aliquod
950 3327 1001 3392 de·

54 3399 140 3474 lictum
148 3435 158 3491 ;
170 3417 215 3480 vel
227 3419 336 3495 civilia,
352 3417 475 3502 quando
485 3417 624 3498 objicitur
635 3417 805 3479 inhabilitas
818 3435 887 3497 quae
901 3417 1000 3500 culpa·

55 3488 110 3560 bilis
122 3511 251 3570 nonest:
266 3507 315 3571 hic
323 3509 422 3590 agitur
434 3508 553 3570 tantirm
565 3505 604 3568 de
617 3505 793 3587 exceptione
806 3505 964 3570 criminati.

81 3587 999 3679 Criminalisduplicitertreripotest:civiliternempevelcrimi·

58 3671 159 3740 naliter:
167 3681 292 3748 ciuiliter
300 3684 347 3752 m.
356 3675 478 3762 quando
488 3679 791 3758 delictumobjicitur,
800 3699 863 3744 non
873 3682 996 3761 quidem
