2462 3984
209 288 249 352 90
428 303 565 351 aaronis
585 300 685 349 renus
704 299 786 347 ranas
806 296 956 346 eunoun.

208 412 317 490 queat;
331 403 405 468 item
422 402 454 466 in
468 401 611 466 rebusad
625 399 781 484 proprium
801 398 934 463 officium
956 399 1179 483 spectantibus:

208 495 290 559 unde
304 493 414 558 suffieit
427 491 634 555 testimonium
649 491 756 554 notarii
774 488 853 554 eirea
868 490 1108 553 instrumentum
1122 491 1140 552 a
1153 509 1181 552 se

208 585 401 661 mnteetum3
418 581 500 646 idern
513 580 561 644 dio
575 580 613 643 de
622 579 771 662 Episcopo
785 578 886 661 quoad
899 597 935 642 ea
947 598 1019 662 que
1033 579 1184 662 pertinent

208 675 246 738 ad
260 693 350 738 suum
364 691 497 750 munus3
512 669 623 734 suffieit
632 670 723 732 etiam
737 668 944 732 testimonium
969 668 1060 732 unius
1074 669 1113 732 ad
1137 669 1179 734 de

208 765 276 828 licta
290 763 500 845 religiosomm
514 757 669 844 punienda
682 759 706 822 si
721 759 780 822 tale
794 759 832 820 sit
844 758 960 820 crimen
973 763 1008 821 ut
1028 757 1117 822 aliter
1131 777 1192 822 ne-¹

208 859 299 938 queat
311 853 428 936 probari
440 899 448 930 ,
464 849 518 914 sed
531 867 594 912 non
607 854 653 912 est
665 853 738 912 tune
751 846 942 932 puniendum
957 851 1051 930 poent
1064 847 1184 911 ordina¹

209 943 323 1024 rie‚sed
331 943 433 1026 aliqui
441 941 559 1004 matum
569 940 660 1022 poent
667 937 790 1001 arbitrio
796 935 976 1020 superioris;
988 935 1072 1001 idem
1082 937 1192 1021 plures»

208 1033 318 1096 docent
326 1032 365 1096 de
371 1030 586 1114 euipisleribus
594 1027 816 1110 religiosomm,
827 1043 890 1089 non
899 1027 971 1090 vero
980 1027 1019 1089 de
1028 1028 1180 1110 gravibus.

210 1123 284 1185 Vide
293 1123 367 1185 aiios
381 1139 468 1184 casus
481 1139 530 1201 ap.
546 1119 578 1181 S.
594 1116 659 1199 Lig.
675 1116 739 1196 (lib.
755 1120 787 1196 t,
798 1115 873 1197 aot)
887 1121 918 1178 et
928 1117 1097 1196 presertim
1107 1117 1184 1180 neit-

209 1211 335 1274 tenstuel
350 1211 405 1290 (De
415 1208 528 1289 ludio,
543 1225 613 1291 pars
626 1210 666 1286 2,
682 1207 728 1269 tit.
743 1209 794 1285 20,
812 1204 853 1268 n¹·
868 1206 1024 1287 asa-381),
1040 1212 1073 1269 et
1089 1205 1182 1271 Bouix

210 1300 274 1380 tib,
290 1319 321 1382 p.
338 1302 417 1380 att).

248 1391 337 1452 5713.
354 1388 477 1462 Ouaerit.
492 1391 524 1450 20
538 1386 697 1460 Quomodo
710 1385 893 1470 recipiendae
906 1385 967 1449 sint
977 1383 1181 1470 depositiones

208 1479 329 1542 testium
341 1478 357 1542 t

248 1571 338 1652 Resp.
354 1571 379 1633 1.
395 1571 440 1632 Ex
453 1567 599 1632 Decretali
612 1567 772 1631 innomine
785 1572 816 1646 2,
829 1569 875 1630 tit.
890 1569 948 1644 20,
963 1565 1016 1628 lib.
1032 1569 1178 1632 abeeret.

203 1675 276 1742 quae
289 1659 398 1724 Justin.
417 1659 468 1739 ius
482 1657 628 1720 inhaere
651 1656 752 1738 quoad
765 1657 865 1720 forum
878 1655 1116 1720 ecclesiasticum
1131 1658 1179 1720 tir-
1201 1661 1202 1664 ’

208 1750 318 1826 inavit,
331 1754 422 1812 testes
435 1747 527 1829 recipi
541 1765 604 1810 nou
617 1745 748 1826 debent,
765 1745 822 1810 nisi
835 1747 925 1810 eitatb
938 1751 1022 1827 parte
1035 1745 1177 1810 adverse:

208 1837 251 1900 sie
272 1839 356 1902 enim
376 1857 408 1901 se
434 1835 524 1900 babet
544 1836 624 1899 dieta
645 1836 808 1899 Decretalis
829 1855 837 1898 τ
865 1834 1117 1899 «Αᾱιιιοηθηάυε
1136 1846 1180 1900 est

208 1949 222 1987 n
247 1946 367 2011 semper
380 1924 567 1990 adversarius
579 1933 614 1988 ut
633 1925 673 1988 ad
688 1923 845 1988 audiendos
866 1931 950 1988 testes
963 1925 1086 2002 neniam
1098 1927 1179 2010 qued

207 2039 223 2077 s
248 2017 318 2101 quia
331 2017 380 2080 bio
392 2017 435 2096 (in
453 2017 544 2079 eausa
562 2013 601 2078 de
615 2018 676 2098 qut
694 2017 792 2099 agitur
814 2015 847 2078 in
861 2013 1019 2098 Deeretali)
1033 2016 1179 2080 omissum

207 2129 223 2167 o
247 2113 310 2183 est,
326 2125 448 2171 necesse
461 2111 507 2169 est
520 2111 553 2169 ut
566 2103 649 2188 quod
662 2111 766 2169 eontra
780 2104 879 2188 legem
901 2111 1002 2168 aetum
1024 2111 1092 2184 est,
1119 2125 1179 2169 non

207 2219 223 2256 r
247 2197 354 2260 habeat
377 2196 592 2258 firmitatem.»
615 2194 771 2277 Excipitur
795 2195 826 2255 i·
850 2191 875 2256 si
895 2192 1063 2276 perieulum
1088 2193 1127 2257 sit
1150 2196 1178 2260 in

208 2289 311 2362 mort,
325 2291 359 2348 ut
372 2285 443 2367 quia
457 2283 573 2346 debitor
585 2282 624 2345 de
635 2283 707 2366 tuga
720 2288 878 2366 suspectus
896 2289 959 2360 est,
983 2283 1030 2346 rel
1043 2289 1134 2347 testes
1150 2285 1179 2347 in

208 2380 337 2436 remotas
350 2379 449 2456 partes
461 2379 532 2434 sunt
541 2371 718 2451 discessuri,
730 2373 777 2436 vei
788 2379 858 2437 sunt
881 2390 969 2435 senes
990 2375 1178 2456 autaegroti,

207 2471 238 2526 et
251 2463 363 2526 interea
376 2481 446 2544 pars
459 2461 582 2526 adversa
595 2463 739 2525 interesse
754 2463 877 2545 nequit;
893 2465 924 2523 20
943 2461 969 2524 si
992 2469 1092 2544 partes
1106 2483 1179 2526 oon-

207 2553 354 2631 sentiant;
370 2555 401 2616 30
415 2551 440 2616 si
460 2550 499 2616 de
512 2552 639 2615 erimine
657 2552 806 2615 haereseos
819 2558 925 2633 agatur
939 2553 1016 2634 (cap.
1040 2551 1130 2616 finale
1145 2554 1179 2617 nte

206 2641 362 2718 hereticis,
379 2643 411 2705 in
421 2642 482 2721 6⁰);
498 2647 530 2704 40
545 2643 569 2704 si
584 2650 688 2724 agatur
702 2641 740 2704 de
754 2647 875 2724 peceato
890 2641 1020 2719 vitando,
1035 2662 1064 2707 v.
1085 2663 1115 2726 g.
1132 2693 1140 2724 ,
1156 2645 1179 2707 si

207 2749 260 2813 per
274 2733 366 2794 unius
378 2733 462 2793 testis
474 2729 693 2812 depositionem
708 2730 846 2812 impediri
861 2729 969 2794 debeat
981 2731 1100 2795 occulte
1114 2752 1179 2797 ma-

206 2819 382 2882 trimonium
395 2818 477 2900 quod
488 2819 605 2882 nullum
615 2819 702 2898 soret,
716 2837 783 2901 cap.
798 2820 1179 2905 Preterea12‚despomu-

207 2907 286 2970 b'bus
294 2923 308 2985 ;
320 2912 353 2971 50
367 2908 398 2970 in
412 2908 554 2972 omnibus
568 2910 666 2972 causis
681 2909 837 2992 inquibus
851 2909 909 2973 litis
925 2911 1103 2975 contestatio
1117 2933 1179 2977 non

206 3003 252 3060 est
273 2998 451 3061 necessaria.
476 3001 587 3062 Auctor
606 2997 739 3062 Protect.
755 2998 791 3062 S.
815 2998 929 3082 Sulpit.
949 2998 1032 3062 addit
1046 3003 1129 3084 quod
1149 3007 1180 3068 in

206 3087 300 3150 nattis
309 3087 348 3150 ob
357 3086 546 3151 difficultates
556 3107 625 3170 qnae
635 3090 744 3152 exoriri
757 3094 880 3172 possent
889 3109 926 3152 ex
936 3089 1181 3158 manifestatione

206 3177 365 3241 nominum
388 3177 530 3256 testium,
554 3196 633 3261 sepe
655 3197 718 3242 non
739 3179 777 3241 sit
797 3178 938 3261 obligatio
961 3197 1049 3243 reum
1066 3183 1180 3248 citandi

204 3273 274 3330 ante
289 3267 408 3331 illorum
422 3266 652 3350 depositionem.
667 3267 743 3332 Vide
757 3279 791 3332 nt
804 3271 961 3332 ott-De
975 3267 1022 3332 his
1036 3273 1182 3338 omnibus

204 3358 271 3420 vide
284 3357 452 3436 Reiffenst.,
465 3357 509 3420 De
521 3356 665 3437 dediciis,
681 3377 750 3440 pars
763 3363 794 3440 2,
810 3358 862 3422 tib.
877 3363 909 3438 2,
924 3359 969 3421 tit.
983 3363 1034 3441 20,
1047 3360 1089 3422 n¹·
1102 3367 1181 3429 ata-

244 3539 333 3598 5722.
357 3539 424 3599 Νοη
437 3535 625 3599 obstantibus
640 3537 738 3600 verbis
748 3559 838 3622 supra
852 3540 948 3604 eiiatae
962 3543 1130 3608 Decretaiis
1139 3547 1181 3610 Ia

204 3625 335 3702 nomiae,
350 3626 553 3688 communiter
564 3627 626 3688 no.
643 3635 781 3691 asserunt
795 3627 877 3710 quod
892 3649 961 3712 pars
974 3630 1099 3696 adversa
1116 3653 1180 3699 non

205 3711 243 3773 sit
258 3710 378 3774 citanda
396 3719 430 3774 ut
453 3713 552 3776 audiat
573 3715 693 3778 testium
722 3716 941 3797 depositionem
964 3719 1116 3801 siquidem
1139 3743 1179 3788 ex
