2548 3988
481 250 568 302 arnna
586 253 719 303 rannus.
1015 235 1072 304 tii

106 365 123 410 s
145 363 179 412 ac
201 343 306 414 officiis
328 357 357 414 et
383 352 581 434 pensionibus
605 354 847 436 quibuscumque
869 355 1075 419 ecciesiasticis

105 460 121 498 r
145 441 289 521 perpetub
303 441 476 522 priventur,
492 449 582 524 atque
600 440 748 506 inhabiles
761 461 797 507 ae
818 443 935 526 indigni
948 444 1074 526 quibus·

106 549 122 586 r
145 545 277 611 cumque
301 530 484 606 honoribus,
509 531 725 613 Dignitatibus,
740 531 895 596 beneticiis
913 551 949 596 ao
970 533 1075 596 officiis

107 639 122 676 r
146 616 175 678 in
191 624 344 699 posterum
363 619 551 700 reddantur,
574 619 687 696 donec,
708 625 776 704 post
798 619 987 684 manifestam
1010 624 1075 685 vitae

108 729 122 764 s
145 708 399 788 emendationem,
412 708 449 770 ab
463 728 569 772 eorum
583 709 795 792 Superioribus
804 713 876 772 curn
886 709 922 772 iis
935 730 971 773 ex
986 716 1076 774 coust

107 817 123 854 n
145 815 241 858 vrsurn
256 795 345 861 suerit
362 798 610 880 dispensandum.
629 797 687 862 Sed
701 798 726 860 si
741 805 901 882 postquam
915 817 965 862 eus
983 801 1075 862 semei

107 909 122 944 a
145 883 334 964 dimiserint,
350 887 556 950 intermissum
570 888 756 950 consortium
771 893 926 968 repetere,
940 895 992 950 aut
1005 889 1076 952 alias

108 969 319 1056 rhujusmodi
347 975 538 1040 scandaiosas
565 976 706 1038 mutieres
733 975 788 1038 sibi
821 975 986 1057 adjungere
1012 977 1075 1039 ausi

107 1086 121 1122 r
146 1063 497 1148 tuerint,praeterdictas
511 1083 631 1148 poenas,
643 1064 965 1128 excommunicationis
978 1065 1077 1146 gladio
1112 1121 1119 1133 .

107 1177 122 1212 p
146 1153 323 1235 plectantur.
339 1157 401 1217 Nec
413 1155 527 1237 quaevis
540 1155 714 1237 appellatio,
725 1159 777 1219 aut
791 1155 942 1236 exemptio
954 1155 1078 1235 praedic

0 1258 1 1291 t
107 1266 122 1302 r
145 1253 206 1306 tant
220 1245 430 1309 executionem
446 1244 589 1325 impediat
606 1251 658 1306 aut
679 1243 885 1326 suspendat.»
903 1244 1009 1321 (Trid,
1024 1244 1076 1324 te.)

146 1329 234 1396 6262.
250 1333 354 1407 Quoad
368 1341 468 1396 autem
477 1334 641 1417 Episcopos
648 1332 890 1408 concubinarios,
903 1333 969 1396 ride
983 1335 1074 1397 Cone.
1099 1344 1102 1352 '

106 1421 188 1485 Trid.
206 1422 272 1502 tit.)
289 1423 321 1482 in
334 1423 392 1506 fine
403 1421 518 1505 capitis.

160 1513 273 1574 Omnes
294 1511 479 1575 concordant
499 1510 677 1594 praedictum
697 1511 824 1576 modum
841 1517 946 1575 contra
968 1531 1080 1576 concu-

108 1601 240 1664 binarios
253 1600 435 1684 procedendi
450 1619 515 1663 esse
529 1599 721 1674 servandum,
736 1601 761 1664 si
776 1603 883 1683 agatur
895 1599 935 1664 de
954 1619 1079 1664 consue·

108 1689 214 1754 tudine
231 1690 331 1754 cterrei
346 1707 417 1753 curn
429 1689 617 1756 ¹mutieribus
638 1689 807 1772 dequibus
831 1689 957 1753 babetur
979 1691 1079 1754 sotum

111 1780 257 1861 suspicio:
273 1779 311 1842 de
325 1780 362 1842 iis
373 1779 455 1842 enim
468 1779 550 1841 certe
563 1777 697 1860 loquitur
710 1778 879 1842 Concilium
892 1781 963 1842 cinn
978 1779 1077 1842 dicat:

115 1868 293 1932 «Prohibet
314 1870 424 1932 Sancta
449 1866 590 1950 Synodus
616 1866 859 1948 quibuscumque
882 1867 1016 1945 clericis,
1041 1887 1080 1930 ne

109 1981 125 2019 ι
149 1958 353 2034 concubinas,
369 1963 420 2020 aut
435 1957 507 2018 aiias
522 1955 684 2033 mulieres,
699 1953 738 2017 de
749 1954 860 2038 quibus
874 1956 966 2036 possit
977 1956 1080 2018 baberi

109 2071 124 2108 r
149 2048 280 2130 suspicio
293 2095 300 2126 ,
316 2048 349 2108 in
362 2046 454 2108 domo
467 2045 513 2108 vei
527 2051 611 2108 extra
623 2043 773 2120 detinere,
788 2051 840 2107 eut
853 2062 924 2106 cum
938 2043 975 2106 iis
987 2045 1081 2128 uitam

109 2160 124 2198 r
149 2137 401 2200 consuetudinem
424 2134 535 2197 habere
558 2132 707 2211 audeant3
723 2133 876 2215 alioquin,
892 2140 979 2196 etc.»
999 2168 1036 2182 -
1049 2135 1080 2196 Si

1 2283 2 2306 ,
109 2229 181 2290 verb
193 2233 308 2290 constet
317 2227 355 2288 de
369 2223 566 2288 fornicatione
579 2221 755 2306 (praesertim
770 2221 901 2304 publicu)
913 2222 1082 2305 disputatur

1 2349 2 2356 κ
109 2336 149 2380 an
176 2315 345 2400 supradicta
364 2317 523 2397 processus
541 2313 637 2375 torma
659 2312 827 2375 necessario
852 2311 891 2374 sit
911 2312 1080 2376 servanda:

111 2406 214 2490 piures
227 2405 325 2482 enim,
338 2405 417 2466 inter
439 2422 517 2484 quos
534 2401 746 2478 Reiffenstuei,
761 2401 866 2463 dicunt
879 2400 962 2482 qudd
976 2401 1007 2463 in
1025 2399 1082 2465 hoc

109 2515 204 2573 casu,
224 2495 314 2558 etiam
336 2511 398 2556 non
420 2491 584 2574 praemissis
607 2488 824 2552 monitionibus
847 2507 937 2570 supra
963 2489 1081 2569 relatis,

111 2586 212 2648 statim
230 2583 404 2648 ordinarius
422 2580 517 2664 possit
528 2579 692 2663 procedere
706 2578 743 2640 ad
756 2577 986 2659 depositionem,
999 2580 1084 2658 juxta

110 2683 226 2741 veteres
247 2673 436 2750 sanctioneS,
460 2670 571 2754 quibus
590 2669 740 2732 contraire
761 2665 930 2730 concitum
949 2667 1081 2732 Trident.
1102 2695 1107 2702 ·

112 2783 176 2826 non
198 2762 347 2841 intendit,
366 2767 401 2824 ut
422 2760 469 2823 isti
489 2764 638 2823 asserunt.
654 2756 729 2821 Vide
746 2755 785 2820 de
806 2756 864 2819 htc
883 2759 1085 2822 controversia

110 2854 222 2931 Bouix,
238 2854 281 2916 Be
295 2851 435 2928 Paroria,
449 2871 480 2932 p.
495 2852 635 2913 atu-399.

150 2947 243 3006 6263.
265 2941 440 3006 Consentire
464 2945 565 3002 autem
588 2936 728 3000 videntur
749 2953 858 3000 omnes
881 2935 965 3017 qudd
987 2938 1085 3000 statim

111 3033 283 3115 Episcopus
295 3029 458 3113 procedere
479 3028 572 3110 possit
585 3026 623 3089 ad
638 3025 857 3108 depositionem
877 3024 904 3088 si
922 3023 990 3087 tatis
1009 3031 1086 3088 esset

113 3119 249 3199 regionis
262 3117 447 3182 consuetudo
462 3137 470 3179 :
486 3116 545 3180 hoc
558 3117 640 3180 enirn
660 3115 798 3179 concedit
811 3115 939 3197 ipsamet
951 3113 1084 3176 'trident

115 3205 260 3286 synodus
279 3206 346 3268 ioco
359 3225 449 3288 supra
461 3206 573 3284 reiato,
588 3206 659 3268 cum
677 3205 777 3268 statim
790 3202 897 3266 dieat:
913 3223 930 3261 ι
945 3201 1087 3282 Alioquin

115 3316 135 3356 a
159 3292 259 3376 poenis
271 3293 390 3356 tesseris
402 3295 585 3372 canonibus,
599 3292 646 3357 vei
658 3293 780 3356 statutis
794 3289 981 3356 arteriarum
994 3289 1088 3371 impo·

115 3405 134 3444 r
161 3382 226 3446 sitis
239 3381 441 3465 puniantur.»
519 3409 520 3414 κ

159 3477 249 3536 6264.
265 3471 346 3540 Nota
360 3472 442 3556 qudd
455 3473 481 3537 si
492 3477 597 3556 agatur
610 3471 649 3536 de
665 3471 702 3536 iis
714 3470 767 3554 qui
780 3488 885 3534 curam
898 3467 1011 3533 habent
1024 3468 1089 3534 ani·

1 3559 2 3592 ³
116 3581 238 3629 marum
253 3562 283 3624 in
298 3562 458 3646 parochiis,
474 3583 508 3624 es
522 3561 630 3624 eodem
641 3559 756 3624 Concii.
769 3562 852 3640 (sess.
868 3564 918 3638 et,
929 3579 996 3643 cap.
1011 3566 1041 3637 6,
1056 3560 1090 3624 de

115 3653 205 3738 τεῇ),
220 3653 347 3717 subiciat
364 3653 527 3748 Semel&
540 3650 703 3714 adrnonerc
717 3660 750 3714 ut
764 3652 967 3720 obstinentur:
988 3673 1002 3710 o
1016 3653 1051 3714 Et
1066 3653 1088 3713 si

937 3753 978 3814 ὃ..
