2526 3988
187 193 227 257 tl
407 206 543 256 urrunnu
563 205 664 252 reclus
683 203 766 251 rencs
786 202 935 250 cauomcr.

185 303 319 386 iudicem
340 301 431 367 ctiam
456 301 627 382 delegatum
649 319 737 383 posse
757 319 866 383 cogere
894 299 933 364 ad
964 298 1168 384 personaliter

188 391 425 475 comparendum
436 392 468 454 in
480 390 604 472 judicio,
618 389 644 452 si
655 392 673 452 a
683 387 758 454 Sede
769 387 935 473 Apostoliccl
945 389 1120 453 mandatam
1129 386 1172 450 ad

190 482 240 546 loc
253 485 396 565 receperit
407 479 541 565 speciale.

229 576 261 634 2⁰
275 571 379 636 Ceteri
388 569 507 653 Judiccs
520 587 582 632 non
591 573 716 651 possunt
726 567 908 652 recatoriter
918 567 1074 651 cogeread
1083 589 1169 634 cone

190 661 359 745 parendum
368 658 578 744 personaliter.
592 657 669 721 lllud
682 665 800 722 constat
816 678 853 724 ex
874 657 982 722 eodem
997 659 1115 740 capite,
1139 665 1171 722 et

192 752 314 834 insuper
336 769 372 813 ex
384 768 451 832 cap.
469 746 638 827 Quantam,
654 745 688 810 cle
705 745 1024 825 Procuratorilas,ubi
1040 746 1172 810 Alexan·

191 838 245 902 der
257 841 296 902 lll
310 838 438 902 affirmat
450 857 529 902 ream
545 855 652 920 posse,
667 835 692 900 si
706 837 795 912 uelit,
811 842 1037 918 procuratorem
1052 837 1171 900 consti-

191 935 286 992 tuere.
311 929 448 992 Diximus
471 926 651 1011 requloriter
667 926 738 1008 quia
762 931 833 989 sunt
857 925 959 1009 plures
976 943 1066 990 casus
1087 926 1170 990 exci-

192 1017 314 1101 piendi:
332 1036 441 1100 nempe
456 1020 488 1080 l⁰
502 1017 527 1080 si
540 1033 630 1080 causa
650 1015 688 1078 sit
703 1014 883 1093 criminalis,
908 1031 946 1079 ex
963 1013 1055 1078 modo
1078 1015 1171 1080 citato

192 1127 258 1189 cap.
274 1107 379 1186 loris,
394 1111 424 1169 et
444 1103 627 1194 imponenda
650 1106 687 1168 sit
703 1123 793 1188 poena
810 1104 945 1186 corporis
966 1103 1104 1167 afflictiva
1123 1107 1171 1168 ecl

194 1215 262 1278 quae
274 1196 362 1259 exilio
382 1200 537 1278 reputetur
559 1195 675 1274 major3
695 1213 765 1257 nam
784 1195 816 1258 iu
830 1195 946 1256 catoris
957 1193 1057 1255 causis
1071 1195 1172 1256 crinsi-

195 1285 314 1348 nalibus
327 1303 399 1348 reus
413 1285 473 1346 ett
488 1283 602 1346 fortiori
614 1290 696 1347 actor
709 1289 831 1366 possent
845 1287 923 1346 stare
946 1301 1000 1366 per
1022 1301 1172 1364 procura-

193 1380 306 1451 torem,
324 1379 358 1437 ut
371 1373 454 1456 praxi
475 1379 591 1436 constat
606 1391 614 1434 ε
629 1373 697 1436 uide
718 1374 814 1436 Bouix
834 1371 932 1452 (ibid,
948 1391 978 1455 p.
994 1375 1083 1450 185);
1099 1377 1132 1434 2⁰
1142 1375 1172 1438 si

195 1463 362 1544 specialiter
380 1461 579 1526 examinanda
599 1463 638 1525 sit
660 1462 787 1544 qualitas
810 1479 967 1546 personae,
991 1462 1172 1537 maturitas,

195 1552 349 1634 integritas
370 1549 545 1616 facultatum
570 1551 841 1630 intellectualium,
862 1557 920 1614 etc.
936 1570 944 1628 ;
963 1554 995 1614 3·
1016 1551 1041 1612 sl
1063 1551 1174 1616 veritas

195 1641 304 1704 melius
317 1641 445 1724 perspici
459 1641 551 1722 possit
565 1659 618 1724 per
630 1641 819 1722 personalem
841 1639 949 1703 actoris
963 1639 1009 1702 vel
1024 1640 1067 1701 rei
1080 1657 1174 1702 enar-

196 1731 343 1793 rationem
352 1752 360 1808 ;
377 1729 499 1814 quando
514 1747 623 1812 nempe
638 1729 674 1792 lis
696 1736 829 1792 versatur
853 1729 933 1792 circa
953 1727 1083 1805 tactum3
1099 1733 1133 1790 4⁰
1145 1731 1174 1791 si

196 1819 265 1882 talia
279 1820 337 1882 sint
351 1820 460 1884 indicia
474 1827 578 1884 contra
592 1837 697 1898 reum,
712 1825 746 1882 ut
760 1823 896 1901 speretur
914 1835 1001 1902 posse
1015 1819 1174 1882 veritatem

196 1907 312 1971 laciliirs
322 1908 421 1992 detegi
436 1928 472 1972 ex
487 1907 673 1991 inspectione
684 1908 801 1986 vultus,
817 1913 868 1970 aut
881 1906 1092 1990 personalibus
1105 1907 1175 1986 ejus

88 2037 89 2040 κ
197 1998 358 2080 responsis.
389 2001 455 2063 Uno
481 1997 593 2076 verbo,
617 1996 783 2080 personalis
803 1995 992 2078 comparatio
1014 1997 1173 2078 proscribi

197 2092 295 2168 potest
307 2087 424 2169 quoties
436 2087 520 2149 adest
534 2085 630 2167 gravis
645 2087 816 2148 necessitas.
834 2079 934 2164 (loia,
948 2105 979 2168 p.
997 2088 1080 2165 186.)

237 2179 326 2238 5613.
343 2175 402 2239 Sed
423 2193 485 2236 non
496 2181 637 2237 mirentur
655 2174 735 2237 citati
750 2174 788 2235 ab
802 2173 942 2236 interiore
954 2173 1055 2255 judice
1070 2195 1176 2258 perso

198 2264 305 2328 naliter
317 2281 503 2346 comparere,
517 2263 573 2326 nisi
585 2281 675 2327 causa
688 2263 721 2324 in
733 2263 1085 2346 citationeexprimatur,
1100 2268 1175 2330 clam

198 2354 264 2416 sine
286 2352 443 2416 sufficienti
467 2355 558 2416 caust
576 2353 644 2415 talis
661 2351 753 2433 judex
773 2358 951 2436 potestatem
978 2371 1039 2417 non
1064 2354 1176 2420 habeat

198 2441 325 2524 cogendi
340 2441 377 2506 ad
389 2441 579 2526 personalem
593 2444 795 2526 praesentiam.

238 2535 327 2596 5614.
351 2531 472 2606 Ouarit.
488 2537 535 2594 tn
549 2549 584 2594 ea
597 2550 666 2613 quar
681 2531 719 2594 ad
734 2531 845 2595 lactum
868 2533 1019 2614 pertinent
1042 2535 1173 2618 proponi

198 2621 327 2685 debeant
337 2641 392 2705 per
405 2639 548 2704 personas
562 2621 744 2704 principales
758 2622 773 2682 l

239 2713 328 2792 Resp.
351 2710 537 2793 Regulariter
555 2727 623 2792 qua
644 2709 682 2772 ad
704 2709 817 2774 lactum
840 2711 1009 2794 pertinent,
1034 2731 1097 2776 non
1120 2734 1175 2796 per

199 2799 357 2863 advocatos
374 2799 427 2862 sed
440 2817 494 2881 per
507 2815 650 2881 personas
668 2799 847 2882 principales
865 2808 936 2864 sunt
950 2803 1173 2884 proponendae.

199 2891 240 2951 lta
263 2890 419 2952 lnnooent.
435 2891 473 2950 lll
488 2889 519 2950 in
533 2907 600 2972 cap.
616 2887 777 2951 Pastorolia
799 2893 853 2968 ll,
868 2888 902 2952 rie
924 2888 1064 2954 dediciis.
1084 2893 1174 2955 Exci·

200 2977 323 3060 piantur
343 2996 430 3041 casus
449 2983 610 3060 sequentes
625 2995 634 3041 t
651 2981 681 3041 l⁰
699 2978 725 3041 si
740 2978 914 3060 principalis
934 2979 972 3041 sit
990 2979 1082 3043 homo
1097 2982 1172 3044 sim·

199 3067 339 3152 plex,qui
350 3074 483 3130 menam
496 3085 583 3131 suam
593 3065 774 3130 sufficienter
787 3067 936 3150 explicare
951 3076 1082 3151 nequeat
1094 3072 1172 3153 (cap.

200 3157 288 3220 citato
312 3157 503 3236 Pastorolis);
528 3160 560 3219 ‘t‘
574 3157 599 3219 si
625 3156 813 3220 consuetudo
830 3157 1031 3240 expositiones
1058 3158 1097 3221 ab
1119 3159 1173 3222 ad·

199 3247 310 3310 uocatis
323 3246 458 3310 admittat
466 3266 474 3324 ;
490 3249 521 3309 3⁰
536 3246 560 3308 si
575 3245 734 3309 advocatus
747 3245 784 3308 ad
799 3245 912 3308 lactum
926 3247 958 3309 in
974 3247 1089 3327 Judicio
1103 3267 1173 3332 pro·

200 3335 376 3417 ponendum
391 3335 520 3419 speciale
535 3333 643 3397 habeat
657 3334 852 3412 mandatum;
868 3341 901 3397 4⁰
917 3337 941 3399 si
954 3336 1048 3416 judex
1061 3343 1092 3400 et
1105 3357 1171 3420 pars

201 3425 292 3487 altera
302 3443 364 3487 non
378 3425 571 3488 contradicat.
588 3424 630 3485 lta
643 3423 981 3492 schmalzurueberlao.
995 3427 1102 3506 Bouix,
1117 3427 1171 3504 o,

128 3521 147 3524 “
201 3516 331 3590 naar).
361 3549 364 3556 ·
