2504 3990
281 253 341 307 alul
783 247 833 300 AEl'
1000 246 1045 299 533

79 363 141 416 bibl.
151 363 182 414 lle
193 360 327 414 aeconomis
339 358 371 409 ad
389 357 453 409 bane
463 353 546 406 admi.
570 347 1047 411 diotus,5bl2.lluinamvaleantmunus

80 443 238 494 nistrationem
251 439 380 499 institutis,
392 437 462 490 5365.
477 434 546 486 ttivi-
568 431 1050 500 Advocatiimplereeosamjudioeeeole·

79 524 113 574 sio
129 523 244 574 bonorum
257 519 373 572 Ecclesiae
392 516 488 568 inducit
499 529 546 566 ne·
570 514 684 575 siastioo,
697 515 845 567 56435633.
865 515 982 576 (laenam
1001 519 1051 566 sint

79 601 207 654 cessitatem
230 597 337 650 habendi
358 597 442 664 plures
464 593 547 647 admi·
571 597 751 648 Adroeatorunt
779 597 957 664 obligationes,
979 594 1048 649 5635.

79 682 226 742 nistratores‚
247 678 318 730 530'1·
343 676 406 738 Quid
433 673 549 726 statuerit
573 678 702 738 Quomodo
716 685 801 744 peso-et
816 685 881 730 etan
895 679 1050 729 teneaturad

79 762 205 817 Concilium
223 759 361 812 viennense
379 758 444 810 eirca
466 755 549 816 6666-
572 757 752 808 restitutionem
765 757 903 809 livoratus
915 757 1052 824 suscipiens

79 843 240 895 minitationem
249 839 421 906 hospitiorum,
435 837 505 888 5363.
573 855 672 890 oausam
695 855 768 906 quam
781 839 827 891 seit
848 853 902 891 esse
918 840 1051 907 injustam,

112 927 300 974 luatutsrnaron
327 929 494 972 atosrottcus.
509 943 550 978 ,—
573 919 642 970 eota.
657 919 720 978 Quid
738 919 879 971 examinare
894 919 982 970 debeat
1001 919 1053 970 nd-

80 1003 138 1065 ssuid
149 1002 191 1064 sit,
200 1009 224 1053 et
236 1001 261 1051 in
273 1015 322 1066 quo
335 998 431 1049 differat
441 997 472 1048 ab
483 995 551 1062 Epis·
574 997 675 1042 vocatus
719 997 850 1058 antequam
889 991 1053 1058 patrocinium

79 1101 137 1152 copo
149 1083 303 1150 CoadJ'ulore,
317 1081 387 1132 1095.
575 1087 655 1124 causat
663 1071 796 1138 suscipiat,
809 1073 879 1126 5666.
892 1073 928 1123 Rn
941 1073 966 1123 in
978 1071 1055 1124 citili-

106 1167 288 1216 dououtrtones.
311 1189 342 1198 -
364 1158 551 1210 admonitiones
576 1155 622 1206 bus
634 1155 773 1206 Advocatus
785 1155 863 1222 possit
880 1155 942 1207 tueri
954 1171 1054 1208 oausam

80 1245 190 1297 faciende
203 1249 258 1310 post
269 1242 429 1308 Baptismum,
442 1240 512 1291 3333.
576 1237 840 1304 probabilemtanlirm,
853 1239 924 1292 5653.
935 1239 1057 1306 inpossit

108 1330 267 1378 teutrannus.
281 1353 311 1363 -
328 1325 364 1374 bn
377 1329 415 1374 ost
430 1329 552 1389 quatenus
577 1319 640 1370 tueri
653 1325 747 1385 partem
768 1320 858 1372 satoris
876 1321 902 1370 in
920 1320 1057 1372 criminali-

80 1405 111 1455 sit
122 1421 192 1456 eausa
201 1405 311 1472 legitima
319 1401 480 1468 separationis
490 1401 554 1452 inter
577 1397 633 1461 bue,
647 1399 668 1451 si
678 1417 750 1452 eausa
762 1401 794 1452 sit
804 1403 898 1460 tantiam
911 1401 1056 1470 probabilis,

80 1488 204 1553 coniuges,
217 1484 365 1536 tito-tlte.
379 1485 415 1533 dn
428 1487 452 1533 et
464 1489 554 1548 quate·
577 1487 602 1532 st
613 1481 672 1548 quid
683 1481 714 1534 de
726 1497 778 1542 reo,
786 1483 855 1535 5638.
869 1485 905 1533 dn
917 1483 1057 1534 ldeooatus

81 1581 125 1616 nus
147 1566 177 1616 sit
199 1564 402 1632 impedimentum
424 1562 554 1614 matrimo·
578 1564 664 1632 possit,
678 1565 754 1616 invito
765 1566 862 1618 cliente.
876 1567 990 1618 deserere
1001 1583 1059 1618 eau-

80 1646 146 1697 nium
164 1645 293 1704 dirimens,
317 1643 477 1696 tuae-taao:
500 1642 555 1693 ride
578 1660 631 1696 sam
654 1653 816 1713 susceptam,
838 1647 899 1699 5653
927 1649 1057 1710 Quomodo
1118 1687 1122 1698 .

79 1725 177 1778 cainan.
191 1724 254 1784 Quid
267 1723 299 1776 sit
310 1721 469 1783 adulterium,
484 1721 554 1772 6357.
579 1733 664 1783 peccet
675 1727 814 1779 Advocatus
827 1729 924 1781 delectu
935 1733 1059 1786 fidelitatis

80 1806 171 1866 Quibus
185 1804 263 1871 poenis
275 1804 404 1870 plectetur,
418 1802 488 1853 6363.
580 1823 637 1873 erga
648 1807 771 1870 clientem,
785 1816 811 1862 et
821 1811 852 1862 ad
864 1811 923 1878 quid
937 1820 1056 1880 teneatur,

108 1891 227 1939 duutmts.
236 1887 320 1948 -rin,
334 1883 475 1936 inconsulto
488 1881 557 1950 Epis·
580 1887 649 1938 5650.
663 1887 740 1947 Quale
748 1889 852 1955 pretium
864 1893 1060 1962 possitaooipere

79 1985 153 2034 eopo,
182 1967 255 2020 liceat
289 1967 412 2033 baptizare
441 1965 556 2024 adultos,
580 1968 729 2032 Advocatus,
745 1977 812 2022 etan
827 1978 1058 2042 teneaturpatroer-

77 2043 558 2108 330306666666666οηίεεί636663-
581 2050 634 2100 nari
651 2051 728 2118 gratie
744 2051 771 2103 in
791 2054 896 2120 gratiam
914 2072 1057 2124 pauperum,

78 2129 165 2180 benite
185 2143 229 2195 pro
248 2127 343 2178 adulto·
356 2125 477 2192 baptizato
503 2130 559 2190 post
581 2131 651 2184 5651,

76 2207 229 2260 nativitatem
243 2207 297 2258 sine
310 2204 473 2266 ceremoniis,
486 2203 556 2254 3363.
612 2204 754 2257 betocerua
770 2217 883 2259 neotus.
895 2237 927 2250 -
939 2211 1002 2272 Quid
1019 2213 1060 2277 tit,

75 2285 451 2354 llnadultussitrebaptizandus
459 2285 558 2352 quando
582 2291 607 2337 et
618 2286 632 2338 i
644 2303 695 2354 qno
706 2289 903 2353 constituendus,
917 2294 987 2345 5733.

74 2389 127 2424 666
149 2372 225 2423 habet
250 2369 419 2422 testiinonium
440 2365 558 2434 Baptismi
613 2370 754 2422 devocatus
771 2376 991 2434 asbestumble.

71 2455 125 2523 jam
138 2453 233 2513 collati,
245 2452 316 2504 3183.
613 2449 745 2502 AEs.-nn
754 2459 778 2502 et
787 2453 914 2518 quomodo
927 2455 940 2504 5
950 2471 1006 2522 pure
1017 2455 1062 2506 im-

105 2537 223 2585 566666.
237 2561 267 2570 -
279 2535 314 2582 ln
327 2531 429 2582 advenae
441 2545 558 2581 censuras
584 2531 714 2594 pediantut·
731 2532 884 2599 Religionem
900 2535 997 2602 ingredi
1014 2553 1062 2589 ero

73 2615 214 2673 incurrant,
228 2612 297 2662 6383.
315 2612 351 2660 An
363 2610 491 2660 incurrant
503 2625 560 2660 oen·
583 2612 663 2664 alieno
681 2615 790 2681 gravati,
804 2615 953 2667 tout-toas.
966 2619 1002 2668 An
1020 2619 1062 2669 ad·

72 2708 146 2744 suras
170 2691 218 2742 loci
240 2691 282 2741 ubi
301 2689 469 2755 reperiuntur,
487 2689 557 2739 6336.
583 2694 690 2746 missoin
702 2695 855 2762 Religionem
863 2699 998 2752 aerealieno
1008 2718 1062 2769 gra·

73 2779 109 2827 tn
123 2775 253 2826 incurrant
262 2787 379 2823 censuras
390 2771 493 2838 proprie
502 2771 559 2822 tlioe·
583 2783 638 2826 rato
655 2775 772 2842 Superior
784 2785 896 2829 teneatur
913 2781 971 2834 dare
989 2781 1062 2834 lieen-

70 2857 149 2915 cesis,
164 2853 186 2905 si
198 2852 366 2906 eonsuraeaint
377 2851 433 2902 late
445 2867 488 2918 per
500 2851 558 2902 Sta·
583 2857 640 2908 tiam
654 2857 782 2910 laborandi
796 2865 824 2911 ut
840 2861 992 2916 debitoribus
1010 2866 1062 2918 suis
1162 2895 1165 2902 ·

70 2943 176 3000 tutum,
190 2937 261 2988 6391.
275 2934 337 2994 Quid
352 2934 372 2984 si
389 2934 437 2984 sini
450 2933 505 2984 lttae
518 2949 560 3000 per
583 2939 725 3002 satisfaciat,
737 2941 807 2993 3633.
821 2942 951 3008 Potestne,
965 2963 996 2999 ex
1007 2950 1063 3014 jure

70 3015 561 3084 modumpraeoepti,6392.-llidedtis·
584 3025 704 3089 naturali,
725 3025 878 3094 Religionem
900 3028 996 3096 ingredi
1014 3046 1062 3082 era

71 3109 178 3156 nissae,
191 3095 352 3147 Peenameus.
584 3105 664 3158 alieno
676 3113 799 3174 gravatus,
813 3109 883 3160 utet.

104 3177 287 3226 duasnrnttntt.
295 3203 327 3214 -
335 3177 372 3225 dn
383 3175 464 3227 valeat
475 3181 558 3227 sotum
614 3179 798 3232 AEres.-AEtns
811 3181 927 3248 requisita
940 3183 971 3234 ad
983 3183 1062 3250 digni·

67 3272 134 3310 eum
149 3256 302 3324 semi-pleni
314 3257 477 3318 advertendi,
488 3259 559 3312 stat.
584 3264 646 3311 tetes
664 3266 688 3311 st
709 3261 789 3312 officia
810 3262 985 3326 ecelesiastica,
1005 3266 1059 3316 lbi.

100 3349 345 3398 ,invenirem-An
357 3347 412 3414 quie
422 3347 560 3414 possitase
584 3341 687 3392 Collatio
704 3341 766 3392 laeta
779 3357 829 3392 non
845 3342 946 3393 habenti
964 3352 1059 3396 etatem

59 3430 151 3498 judex
164 3429 203 3479 rel
216 3443 328 3482 assessor
337 3428 444 3480 inoausb
456 3445 499 3494 pro
511 3431 559 3496 qui
583 3427 724 3493 repuisitam
739 3431 777 3478 est
792 3426 908 3488 inualida,
921 3429 975 3479 668.
988 3432 1024 3480 dn
1037 3439 1060 3482 et

62 3525 171 3562 munus
179 3507 299 3560 Advocati
306 3509 398 3575 gessit,
410 3509 558 3571 suaserat.
583 3514 704 3575 quatenus
722 3507 771 3558 sint
782 3505 928 3573 irregulares
940 3510 981 3576 qui
999 3519 1061 3563 eta·

58 3597 102 3646 lln
112 3591 560 3644 consessioddrooatidominonoee-
583 3595 632 3641 tem
650 3589 792 3656 requisitam
805 3603 855 3639 non
867 3588 975 3653 habent,
988 3594 1058 3646 1886.

59 3671 190 3729 sufflas.
200 3669 264 3729 tluitl
273 3669 451 3722 sitildtooalus
458 3672 558 3737 proprie
583 3669 667 3732 Qualis
683 3669 821 3735 requiratur
837 3675 897 3724 etas
913 3671 944 3724 ed
961 3675 1059 3728 ordines
