2548 3988
175 141 235 202 att
395 147 532 196 ussurus
554 145 656 195 sorios
676 143 758 192 surra
778 141 927 190 eunomus.

174 270 299 335 modum
315 286 406 331 merae
420 285 518 349 poene
542 271 672 342 cessent,
697 282 759 329 uon
778 281 832 344 per
853 260 1079 328 absolutionem
1094 257 1152 326 sed
1201 287 1203 294 ’

173 379 227 444 por
241 358 508 441 dispensationem,
519 363 608 438 prout
621 353 688 418 alia
703 371 800 436 poenae
809 351 1006 418 uindicatirae.
1020 349 1152 434 (strem-

173 447 301 602 lerb'tt'lbl:
317 445 454 601 elffii
467 535 559 601 rerba
572 533 686 598 Gonoil.
701 531 852 616 Lugduni.
867 534 894 596 11
913 532 993 614 (esp.
1019 527 1151 594 Absolu-

173 629 316 705 risuique
328 628 453 711 bisque
465 626 506 702 oi,
518 623 697 706 cto.,in6⁰):
714 619 1151 686 «Absolutionisbenellciuru

171 744 187 782 a
210 720 249 784 ab
262 717 585 783 excommunicationis
598 715 813 792 sententit,vel
824 729 1052 797 quamcumque
1061 729 1151 774 rovo-

171 833 186 872 r
209 811 359 876 sationem
368 809 475 890 ipsius,
487 812 539 870 aut
547 805 756 887 suspensionis
767 823 820 868 sou
828 800 1082 866 etlamintcrdicti
1095 818 1150 882 per

171 923 186 962 r
210 899 269 963 vim
285 899 332 963 vel
354 908 471 962 metum
494 903 648 962 extorta...
669 895 784 958 uiribus
801 893 946 957 omuibus
968 907 1145 954 vacuamus.

169 1012 185 1052 r
210 992 255 1055 Ne
272 995 375 1053 autam
396 989 462 1052 aiot
476 987 616 1066 vindicta,
631 985 783 1050 violentiae
803 988 918 1046 crescat
940 980 1075 1054 audacia,
1095 997 1148 1044 eos

171 1101 187 1142 r
210 1081 261 1162 qui
281 1078 472 1154 extorserint,
488 1074 810 1140 excommunicationis
826 1071 985 1136 sentcntiae
1003 1067 1144 1132 decerni-

169 1190 186 1243 a
215 1187 283 1231 mus
295 1167 488 1245 subiacere.»
503 1168 574 1230 Haec
587 1181 738 1228 excomm.
752 1163 849 1227 oblata
860 1167 905 1224 cat
916 1159 951 1224 C.
966 1163 1026 1241 Ap.
1044 1155 1145 1222 Sedis.

213 1243 1147 1328 urus.lt0raundems·quodprmaramolutionemuaumin

174 1335 293 1398 casibus
307 1333 418 1416 quibus
437 1351 575 1396 censurae
593 1333 678 1399 carto
696 1334 807 1397 luerint
829 1335 979 1412 incursa,
996 1333 1034 1398 sit
1054 1335 1147 1399 etiam

173 1423 322 1486 absolutio
334 1421 375 1484 od
385 1421 532 1485 cuatelam
545 1439 614 1504 quae
627 1422 666 1485 ad
679 1425 825 1504 nlaiorem
839 1425 1031 1488 securitatem
1044 1422 1146 1504 datur,

175 1513 338 1594 quominus
360 1510 461 1573 omnis
479 1529 555 1592 quas,
571 1511 648 1573 iortt
672 1511 809 1576 suboriro
832 1519 933 1594 posset
952 1511 1147 1576 dubitationis

174 1619 265 1664 causa
277 1604 483 1677 removeatur,
498 1599 615 1662 utsolet
630 1599 693 1662 lieri
705 1601 736 1662 in
750 1600 903 1684 rescriptis
912 1603 931 1664 b
940 1603 971 1664 S.
987 1601 1067 1666 Sede
1075 1620 1148 1666 con·

174 1689 276 1753 cessis.
293 1688 384 1772 (Vide
398 1687 512 1766 Devotl,
524 1687 576 1750 lib.
591 1691 623 1765 4,
638 1689 683 1751 tit.
699 1695 749 1768 tl,
766 1690 785 1772 ᾗ
798 1692 842 1770 5.)

212 1782 304 1842 6⁴7³.
327 1779 450 1852 Quaerit.
465 1781 499 1840 4⁰
520 1777 677 1841 invaleat
698 1775 846 1842 absolutio
864 1779 988 1862 quando
1004 1779 1094 1845 datur
1106 1781 1147 1844 ob

174 1869 278 1931 salsam
291 1885 425 1946 causam,
444 1887 473 1930 v.
490 1885 520 1949 g.
541 1867 566 1929 si
576 1867 671 1947 judex
685 1868 816 1941 absolvat
835 1869 908 1950 quia
928 1887 999 1932 reus
1020 1887 1053 1932 se
1075 1866 1149 1934 dicit

174 1959 386 2037 emendatum,
401 1957 448 2020 vel
462 1956 538 2040 parti
552 1956 730 2020 satisfecisse
743 1957 827 2039 quod
841 1973 948 2022 rerum
967 1964 1070 2022 umen
1084 1977 1147 2022 non

84 2087 85 2092 κ
174 2049 234 2111 siti

213 2135 1035 2220 ltesp.Negativbsideiiciatcausaprincipulia3seeuasi
1045 2137 1149 2202 minru

175 2225 359 2310 principalis,
374 2225 421 2286 uel
430 2225 454 2286 si
462 2223 555 2303 judex
565 2226 647 2287 certo
655 2225 795 2288 conscius
808 2226 847 2288 sit
855 2225 1001 2292 salsitatis.
1014 2229 1057 2290 lta
1066 2245 1149 2292 conr·

175 2314 316 2378 munitor.
334 2313 380 2394 (S.
396 2313 474 2394 big„
491 2311 543 2374 lib.
559 2317 595 2391 7,
610 2314 644 2374 n⁰
657 2315 741 2392 tus.)

214 2407 303 2468 biit.
326 2403 446 2476 Ouaerit.
464 2404 495 2466 5⁰
510 2405 557 2464 lm
572 2401 701 2465 invalida
714 2402 752 2465 sit
764 2403 913 2467 absolutio
929 2423 1066 2470 censuras
1077 2405 1149 2470 data

173 2497 191 2557 is
205 2494 360 2576 delegato,
374 2491 513 2556 nondum
525 2493 672 2556 satisfacti
681 2497 780 2576 parte,
797 2493 822 2556 si
835 2493 960 2557 iacultas
973 2493 1148 2560 absolvendi

173 2584 242 2646 data
255 2585 359 2646 fuisset
372 2600 444 2646 oum
457 2581 592 2646 clausula
611 2581 763 2664 arefacta
773 2591 872 2664 parte.

213 2675 303 2753 Resp.
320 2671 478 2753 Duplicem
492 2689 558 2736 esse
577 2671 756 2734 sententiam
773 2670 1030 2754 :probabiliorem
1043 2677 1148 2738 umen

174 2779 239 2823 esse
253 2777 321 2822 eam
340 2778 408 2842 que
428 2759 558 2824 affirmat
576 2760 691 2824 nullam
712 2777 777 2824 essa
791 2760 1013 2832 absolutionem
1036 2763 1069 2824 in
1094 2763 1147 2834 tali

173 2868 265 2928 casu,
280 2849 353 2932 quia
368 2847 500 2911 clausula
514 2848 753 2932 protelaveram
767 2849 929 2932 importare
942 2850 1058 2916 videtur
1070 2869 1147 2916 cou-

173 2938 331 3002 ditionem.

213 3029 327 3092 Omnes
340 3033 441 3092 autem
461 3027 646 3092 conueniunt
668 3028 752 3112 quod
771 3029 900 3112 grauiter
917 3031 955 3094 sit
967 3038 1148 3114 peccaturus

173 3118 374 3183 mnlessarius
389 3117 433 3181 sic
445 3115 646 3197 absolvendo,
662 3119 800 3182 nondum
814 3120 961 3184 satislactt
975 3128 1070 3204 parte.

213 3212 304 3272 6475.
327 3207 449 3282 Quarit.
465 3208 498 3268 bt
517 3210 564 3269 An
587 3207 682 3289 possit
702 3207 766 3271 dari
785 3209 933 3274 absolutio
946 3227 1147 3276 censurarum

173 3298 231 3362 sub
244 3297 417 3361 conditione
431 3297 470 3360 de
482 3295 584 3360 lutuno
598 3298 804 3380 contingenti?
1223 3311 1224 3314 ’

212 3389 302 3469 Resp.
319 3386 502 3450 affirmative
515 3433 525 3465 ,
540 3385 641 3469 quoad
654 3386 835 3452 validitatem
853 3391 956 3468 actus,
975 3391 1046 3454 cirm
1061 3395 1146 3454 acius

46 3513 50 3526 .,
170 3474 386 3552 jurisdictionis
406 3473 628 3539 conditionatos
649 3494 715 3540 esse
735 3477 830 3559 possit
843 3497 852 3556 ;
866 3478 1018 3543 ordinarit
1040 3487 1145 3544 tamen

174 3578 236 3622 non
247 3563 366 3633 excedit
379 3566 423 3628 sic
435 3564 589 3629 absolvere
605 3585 613 3627 ι
628 3563 696 3629 tum
709 3565 863 3647 illicitudo
879 3585 912 3631 se
921 3569 989 3630 talis
1000 3575 1046 3632 est
1057 3569 1144 3632 abso·
