2548 3988
478 265 565 314 atnrn
584 265 716 312 uranus.
1030 247 1084 310 301

153 369 245 430 6340.
267 363 422 447 Depositio
441 361 499 426 alia
516 369 562 426 est
578 364 682 425 totalis
696 363 757 445 qut
777 379 847 425 rcus
859 361 991 444 privatur
1003 364 1088 425 omni

113 455 237 536 ordine,
253 453 418 532 benollcio,
433 453 532 516 officio
550 457 581 516 et
592 452 752 534 dignitate3
769 451 827 513 alia
846 453 918 514 verb
928 451 1086 536 partialis,

22 567 25 616 l
113 563 183 624 quac
196 563 260 608 uno
271 543 318 607 vel
327 541 478 625 aliquibus
488 561 526 604 er
539 541 576 604 iis
588 543 706 605 tantbm
720 540 876 622 exspoliat.

21 637 24 698 ζ
153 633 215 696 Etsi
229 633 403 715 frequenter
416 631 530 695 mentio
547 629 600 694 liat
619 629 769 712 ejusmodi
783 647 881 712 poeuoe
892 629 926 694 iu
939 633 1088 699 veteribus

20 723 40 816 ’ᾗ
113 723 300 792 canonibus,
315 720 406 784 hodie
419 722 487 784 rard
501 719 655 802 infligitur.

18 831 31 894 ξ·
154 815 243 876 6344.
267 813 369 874 Potest
381 810 548 893 Episcopus
564 859 572 888 ,
587 809 655 872 licet
669 808 707 872 ad
722 808 752 872 id
766 826 829 873 non
842 813 991 890 teneatur,
1006 812 1086 874 rein-

18 897 20 900 ’
114 909 230 983 tegrare
243 901 368 964 clericos
381 899 553 981 depositos,
569 899 660 962 mudb
674 899 760 981 signa
775 916 837 960 non
853 897 945 962 dubia
962 900 1087 964 sincerae

114 991 299 1073 poenitentiae
324 988 528 1066 ostenderint,
557 996 586 1051 et
612 987 736 1070 insuper
763 987 854 1050 modd
880 988 997 1052 crimen
1024 1009 1086 1054 non

114 1079 202 1142 luerit
215 1087 312 1156 atrox,
329 1097 439 1159 nempe
447 1097 509 1142 non
519 1077 555 1140 sit
569 1096 660 1159 supra
667 1075 847 1139 adulterium
856 1079 878 1140 ¹.
893 1076 976 1140 Idem
991 1083 1085 1160 potest

116 1169 286 1250 Capitulum
305 1175 358 1230 aut
380 1167 473 1248 ipsius
495 1166 648 1244 vicarius,
673 1165 750 1229 Sede
770 1172 910 1242 vacante3
926 1167 1087 1250 privilegiis

114 1263 214 1319 autem
243 1260 331 1319 statui
354 1256 483 1320 clericali
508 1256 634 1318 annexis
655 1273 717 1319 non
740 1254 825 1318 orbat
845 1254 1002 1338 depositio.
1029 1259 1088 1339 (Dc

119 1343 244 1427 Synodo,
261 1345 312 1406 lib.
328 1349 359 1422 9,
372 1364 400 1408 c.
416 1349 447 1424 6,
462 1357 496 1407 n⁰
510 1349 546 1423 33
559 1346 591 1409 S.
603 1345 740 1427 Lignum,
754 1344 806 1406 lib.
818 1348 849 1422 'l,
864 1353 898 1407 n⁰
912 1347 1000 1428 327.)

154 1437 243 1497 63l2.
267 1437 335 1497 Non
362 1434 524 1499 incurritur
549 1435 708 1517 depositio,
737 1434 794 1496 nisi
817 1441 939 1516 propter
960 1435 1085 1501 crimina

112 1523 250 1587 euomuia
264 1529 329 1586 tum
343 1543 381 1586 ex
394 1541 426 1586 se
444 1531 509 1586 turn
519 1523 559 1586 ob
566 1524 742 1587 scandalum
756 1523 838 1605 quod
853 1521 993 1606 gignunt,
1007 1527 1084 1590 velut

113 1613 310 1676 homicidium
324 1613 525 1675 voluntarium
547 1631 619 1676 cum
632 1613 871 1691 machinatione,
887 1612 1084 1698 adulterium,

113 1707 274 1779 stuprum,
291 1701 449 1764 fornicatio
463 1702 581 1764 notoria
591 1750 598 1778 ,
609 1703 668 1764 vita
682 1702 858 1764 scandaloso
874 1701 974 1767 clerici
989 1707 1093 1770 incor-

113 1789 302 1872 rigibilemse
312 1790 508 1853 ostendentis.
523 1790 664 1853 Prudenti
679 1793 748 1854 verb
756 1789 865 1872 judicis
873 1793 1083 1862 existimationi

113 1877 378 1942 determinandum
392 1880 572 1961 relinquitur
587 1897 625 1940 an
642 1878 720 1941 dicta
737 1879 865 1943 crimina
878 1899 944 1942 eam
959 1888 1082 1964 gravita-

113 1973 175 2030 tem
196 1969 326 2032 habeant
344 1988 413 2051 quae
438 1974 528 2050 poent
541 1967 733 2050 depositionis
759 1968 797 2030 sit
819 1969 987 2050 pleelenda.
1013 1976 1085 2040 Vide

114 2057 257 2120 Stremler
270 2058 338 2138 (Des
352 2059 459 2124 Prinas
471 2059 582 2134 eccte's,
597 2076 628 2139 p.
644 2059 760 2136 34-36).

152 2149 354 2210 6343.-1v.
371 2148 415 2212 De
428 2145 645 2228 depredatione.
663 2145 845 2229 Depradutr'o
856 2153 1090 2234 estpoenneecle.

112 2235 232 2299 sinatico
240 2237 297 2319 quei
308 2236 430 2300 clariora
438 2235 539 2298 ordine
549 2244 579 2298 et
586 2255 705 2298 munere
718 2236 868 2314 clericali,
883 2252 1085 2323 consequenter

112 2326 202 2388 etiam
215 2326 295 2387 omni
308 2325 442 2408 beneficio
452 2332 481 2388 et
490 2324 591 2408 officio
603 2343 710 2388 necncn
721 2325 881 2408 priot’leqr'o
889 2327 953 2408 sori
961 2338 990 2392 et
998 2351 1084 2394 runo-

113 2418 175 2492 nis,
181 2433 239 2498 per
250 2416 422 2478 sententiam
435 2413 640 2476 solenniteret
652 2413 964 2497 authentiedprivutur
976 2430 1007 2481 et
1020 2429 1083 2483 tro-

112 2503 197 2566 dr'tur
213 2504 305 2569 curie
322 2503 470 2568 seculari.
492 2505 535 2565 ltu
551 2501 745 2566 Reiffenstuel
759 2503 821 2583 (lib.
837 2508 874 2582 5,
889 2505 935 2568 tit.
951 2509 1001 2585 37,
1020 2509 1082 2590 §²2

114 2605 149 2655 n·
161 2597 222 2672 34).
239 2593 300 2658 Sibi
312 2611 462 2658 annexam
474 2590 565 2655 babet
578 2609 700 2675 poenam
714 2591 857 2656 inlamiae.

153 2687 242 2746 6344.
265 2683 400 2766 Duplicis
412 2681 531 2765 generis
543 2687 589 2746 est
608 2679 801 2762 depredatio:
819 2681 944 2746 robalis
956 2703 1082 2772 nempe,

112 2791 181 2854 quae
195 2772 225 2834 in
240 2773 387 2836 sententit
399 2773 552 2852 consistit,
567 2777 597 2836 et
609 2771 678 2836 ideo
698 2771 788 2834 etiarn
801 2773 983 2837 sententiolis
994 2795 1083 2843 voca-

114 2867 179 2938 tur;
195 2868 226 2924 et
239 2862 329 2925 realis
342 2881 395 2925 scu
407 2861 543 2924 solemnia
556 2881 624 2945 quae
638 2861 728 2924 etiam
742 2871 934 2946 nuncupatur
944 2867 1080 2932 uenalis.

113 2951 186 3012 llaec
199 2957 242 3013 est
256 2953 341 3034 quasi
355 2952 493 3014 executio
501 2949 722 3034 degradationis
735 2951 873 3019 verbalis.

155 3041 243 3101 6345.
266 3041 430 3122 Privilegiis
451 3042 546 3104 statius
564 3040 708 3103 clericalis
727 3041 793 3122 ipso
813 3041 891 3106 lacto
909 3063 971 3108 non
988 3048 1083 3129 privat

116 3125 242 3188 verbalis
259 3128 455 3210 degradatio:
479 3147 566 3194 secus
588 3135 634 3192 est
654 3128 816 3194 dicendum
837 3133 872 3195 de
889 3133 982 3204 reoli,-
999 3135 1081 3217 prior

116 3211 186 3276 lerri
196 3221 293 3297 potest
301 3221 318 3279 tr
326 3219 427 3298 judica
440 3238 502 3282 non
511 3221 661 3302 Episcopo
671 3267 680 3296 ,
691 3221 838 3302 posterior
848 3221 970 3284 econtra
979 3240 1077 3286 carac-

145 3388 154 3412 ·
171 3397 182 3425 ι
201 3377 237 3430 lle
249 3377 375 3432 adulteriis
386 3381 444 3433 rard
460 3389 485 3433 et
501 3379 555 3433 aliis
571 3379 716 3432 criminibus
732 3397 787 3446 quo
797 3389 855 3433 sunt
876 3381 983 3446 minora,
1001 3391 1081 3451 potest

115 3468 126 3504 r
141 3449 278 3518 Episcopus
289 3467 346 3502 cunr
357 3453 453 3512 clericis
464 3459 520 3518 post
536 3457 659 3518 peractum
671 3453 839 3518 poenitantiam
852 3453 1003 3520 dispensare.
1022 3475 1032 3506 r
1046 3458 1079 3511 lta

112 3521 230 3575 Alexand.
240 3523 284 3585 lll,
297 3524 322 3574 in
332 3540 385 3590 eap.
400 3525 462 3577 Arra·
473 3523 569 3585 euna,
582 3524 611 3586 l,
624 3524 652 3574 de
658 3525 764 3587 judiciis.
779 3525 805 3574 Si
818 3531 898 3575 tamen
911 3526 1004 3578 crimen
1016 3540 1080 3583 esset

113 3592 239 3660 publicum
249 3633 255 3654 ,
267 3595 435 3662 irregularitas
447 3595 544 3648 adurat
555 3609 584 3646 ox
594 3594 694 3646 delectu
703 3595 787 3656 larum
796 3611 870 3661 super
881 3597 929 3662 qul
939 3600 1007 3650 solus
1017 3601 1079 3654 Pan·

115 3663 174 3716 illu
185 3669 265 3728 por-n
277 3666 429 3732 tunnam

1 3900 228 3943 Q-
