2462 3984
175 188 235 252 438
400 201 542 250 uerutus
562 202 669 249 corrue
690 200 772 247 turns
790 197 940 247 cruenter.

177 330 361 406 rem‚etiam
375 337 448 394 ante
463 331 659 406 citationem,
668 328 842 394 dummodo
852 327 1004 391 delictum
1016 327 1058 390 sit
1069 340 1155 406 grave

176 417 657 502 ctadsitsemipIenaprobatio.
669 417 824 499 Videcap.
835 413 1043 487 steterumt,
1054 413 1100 476 tit.
1111 411 1154 484 44,

178 505 234 568 lib.
250 505 283 582 ὃ,
300 507 333 568 in
348 505 392 569 6⁰.
410 505 470 570 Sed
495 508 580 590 apud
602 526 660 570 nos
681 505 828 589 Episcopi
843 511 1007 587 nequeunt
1027 501 1082 566 tali
1091 499 1156 585 jure

179 595 237 662 uti.
252 593 331 660 vide
344 595 427 660 inim
442 595 576 659 dicenda
594 595 709 673 (6356).

221 683 311 744 5846.
328 713 368 727 -
381 685 413 744 2·
428 675 532 756 Quoad
549 675 787 754 mentientem,
801 673 953 760 judicialis
969 672 1152 738 denuntiatio

182 768 267 832 iilum
282 767 394 850 obligat
407 767 445 830 ad
459 765 700 830 denominandos
714 771 803 828 testes
816 771 847 828 et
859 763 1046 846 probotionis
1061 761 1153 825 media

183 857 408 939 suggerendum
442 853 548 938 Judici.
575 855 605 918 Si
637 854 832 917 convincetur
854 853 929 914 falsa
963 851 1153 916 denuntiasse

182 947 311 1008 scienter
329 953 359 1008 et
380 963 417 1008 ex
436 943 566 1022 malitia,
586 942 713 1005 hahetur
733 949 766 1006 ut
786 960 874 1004 rems
896 940 1114 1019 calumniator,
1128 947 1153 1002 et

183 1042 272 1116 prout
294 1034 360 1096 tatis
387 1033 486 1116 puniri
501 1031 600 1094 debet.
624 1031 654 1094 si
678 1031 749 1095 vero
771 1029 891 1094 deticiat
913 1031 943 1091 in
967 1030 1151 1112 probatione,

155 1131 161 1140 ‘
183 1121 310 1186 liabetur
324 1129 357 1184 ut
371 1129 572 1203 praesumptus
591 1120 790 1184 calumniator
803 1128 832 1182 et
843 1119 881 1182 ab
899 1118 999 1182 officio
1015 1118 1152 1201 suspendi

182 1217 280 1291 potest
299 1211 398 1273 donce
420 1209 623 1272 innocentiam
651 1209 820 1292 probauerit
840 1210 926 1290 (Cap.
949 1207 1025 1272 Cium
1039 1207 1154 1270 dilectus

184 1303 219 1377 2,
234 1299 278 1361 tit.
295 1303 332 1377 2,
353 1297 404 1360 lib.
421 1303 440 1362 5
455 1299 601 1380 Decret.).
619 1301 683 1362 Hoc
700 1305 803 1361 tamen
822 1316 884 1360 nan
904 1303 1002 1379 potest
1015 1296 1153 1379 applicari

183 1387 367 1450 Promotori:
384 1386 437 1449 sed
459 1387 483 1449 si
500 1387 556 1449 iste
573 1387 702 1451 scienter
724 1385 797 1450 salsa
815 1385 992 1448 intentasset
1009 1385 1153 1462 erimina,

184 1481 220 1538 ut
238 1495 323 1538 ceos
340 1475 536 1542 calumniator
554 1477 644 1539 etiam
664 1476 729 1558 ipse
751 1473 925 1558 puniendus
947 1479 1039 1537 essct.
1065 1475 1155 1537 Bauir

183 1563 238 1645 (De
251 1564 336 1644 lad,
351 1571 424 1627 tom.
440 1571 471 1642 2,
488 1585 518 1647 p.
531 1569 581 1643 56)
592 1585 600 1642 ;
613 1565 757 1628 Stramier
771 1563 813 1643 (tt
829 1613 837 1640 ,
853 1582 884 1644 p.
903 1565 987 1642 403).

222 1657 392 1718 tata-3⁰
407 1653 507 1730 Quoad
515 1653 739 1716 denuntiatum:
754 1651 905 1736 pendente
919 1650 1154 1730 denuntiatione,

183 1759 245 1804 non
264 1749 361 1824 potest
379 1743 548 1825 promoveri
566 1743 604 1805 ad
623 1744 789 1825 Dignitates
806 1741 1037 1818 ecclesiasticas,
1054 1760 1111 1805 nec
1123 1741 1156 1803 ad

183 1849 283 1894 saeros
303 1832 426 1895 ordines
445 1835 521 1914 (cap.
544 1832 774 1914 omnipotente,
789 1831 834 1894 tit.
859 1835 888 1908 4,
904 1831 955 1894 lib.
978 1829 1154 1910 5Deeret.).

182 1921 247 1983 Imd
259 1927 288 1982 et
301 1920 409 1984 eodem
418 1940 485 2004 cap.
503 1939 559 1983 nec
573 1921 663 1982 etiam
678 1921 716 1982 ad
725 1919 872 1984 beneficia
882 1919 1055 2002 promoveri
1068 1919 1154 1994 valet3

183 2015 261 2072 etex
276 2029 342 2093 esp.
359 2011 428 2074 Non
440 2009 523 2074 debet
534 2013 588 2087 58,
599 2009 643 2070 tit.
664 2013 715 2088 20,
731 2009 783 2071 lib.
807 2011 973 2086 eliceret,
989 2026 1052 2072 non
1065 2015 1157 2091 potest

183 2117 248 2162 esse
263 2107 429 2178 accusator,
446 2119 503 2162 nee
518 2099 616 2176 testis,
632 2117 689 2161 nec
703 2103 879 2180 procurator
897 2116 936 2160 ex
950 2097 1019 2180 jure
1033 2115 1156 2160 romano

183 2189 293 2250 lustin.
310 2190 370 2250 Lex
387 2189 480 2250 Reum
497 2207 565 2270 cap.
579 2187 613 2248 dc
628 2185 784 2249 Praeerat.
800 2187 888 2248 -Ei
907 2185 1045 2248 interdici
1064 2193 1157 2268 potest

184 2276 283 2338 missae
292 2277 463 2354 celebratio,
475 2276 498 2338 si
509 2277 547 2338 de
558 2275 733 2357 gravissimo
743 2275 870 2339 crimine
879 2283 984 2357 agatur
994 2276 1154 2360 (Laqueus,

184 2373 217 2424 n⁰
240 2368 328 2442 4404,
353 2365 385 2424 iu
399 2365 468 2446 fiee,
494 2369 524 2426 3·
546 2364 648 2445 edit.);
664 2365 702 2427 ab
723 2365 864 2428 exercitia
884 2363 999 2426 ordinis
1017 2363 1155 2446 suspendi

183 2459 296 2534 potest,
316 2453 341 2516 si
354 2455 424 2517 vere
441 2453 563 2537 publice
582 2455 620 2516 sit
633 2453 819 2528 diffamatus,
832 2453 917 2536 juxta
934 2452 1080 2516 Stremler
1094 2451 1153 2533 (a,

223 2633 335 2713 Excipe
349 2635 373 2694 si
387 2633 502 2697 crimen
517 2635 555 2697 sit
567 2638 646 2710 leve;
659 2639 683 2696 si
695 2633 883 2697 denuntiatio
898 2651 961 2696 non
974 2633 1014 2696 sit
1025 2631 1153 2715 legitima

182 2737 218 2781 ex
237 2719 354 2784 deiectu
376 2723 494 2799 sornue3
510 2724 535 2784 si
556 2743 617 2786 non
639 2723 676 2784 sit
697 2723 878 2799 criminalis;
897 2724 922 2785 si
936 2721 1059 2804 elapsus
1072 2719 1153 2784 tuerit

182 2825 279 2870 annus
294 2811 312 2870 a
329 2817 464 2892 tempore
484 2811 569 2874 sactae
590 2811 844 2890 denuntiationis,
860 2817 890 2874 et
906 2829 977 2875 reus
992 2829 1055 2874 non
1070 2809 1152 2874 fuerit

182 2914 272 2959 causo
290 2915 346 2960 cur
360 2899 395 2960 lis
410 2918 471 2962 nan
490 2901 527 2962 sit
539 2903 710 2979 terminata,
726 2907 782 2963 ete.
800 2901 918 2980 (Bouix,
934 2900 991 2980 ia,
1007 2920 1038 2982 p.
1055 2901 1150 2980 58).-

182 2987 337 3066 Stremter,
353 2987 407 3068 a,
422 3008 454 3070 p.
471 2993 529 3052 404
543 2995 572 3052 et
587 2994 655 3053 405.

220 3080 310 3140 5848.
331 3077 412 3140 Nato
430 3077 511 3160 quod
531 3080 668 3160 superior
689 3075 847 3142 asubditis
863 3078 1080 3156 denuntiatus,
1095 3096 1149 3142 non

180 3172 296 3248 potest,
312 3167 463 3248 pendente
477 3167 715 3248 denuntiatione,
742 3187 830 3231 suam
853 3187 992 3232 exercere
1012 3167 1148 3251 jurisdic·

179 3255 293 3319 tionem
307 3256 406 3338 quoad
420 3259 575 3338 negotium
597 3258 676 3320 circa
694 3257 776 3339 quod
796 3265 928 3320 versatur
948 3257 1147 3332 denuntiatio,

179 3351 210 3406 et
233 3346 271 3408 de
294 3345 421 3407 crimine
443 3346 662 3430 dilapidationis
685 3347 877 3410 denuntiatus
900 3347 938 3409 ab
966 3346 1149 3409 administrae

180 3432 262 3494 tione
275 3433 427 3497 bonorum
439 3433 529 3496 debet
541 3435 823 3498 interim'removeri
839 3437 896 3516 (Ex
915 3451 982 3517 cap.
1001 3435 1084 3497 Olim
1100 3440 1146 3512 26,

180 3520 224 3578 tit.
242 3523 271 3593 t,
288 3520 338 3579 tib.
359 3525 378 3581 5
401 3525 531 3600 Decret3
551 3529 581 3586 ct
603 3542 670 3606 cap.
686 3525 814 3586 Praelot.
830 3529 867 3586 47
878 3571 886 3604 ,
900 3523 1060 3606 ejusdem).
1078 3522 1147 3588 Vide

180 3603 394 3686 Stremlerta'b.t
