2462 3984
173 139 228 203 tot
389 158 528 206 uanuaua
546 157 648 206 rorros
666 156 749 204 auare
768 154 918 204 sanentur.

171 254 264 314 tentis
278 254 371 335 possit
383 273 449 317 esse
463 262 566 318 contra
578 255 628 337 jus
639 253 753 335 duplici
768 252 858 315 modo
871 272 878 312 ι
890 251 936 316 vel
950 253 1020 335 quia
1035 272 1135 338 nempe

170 348 216 402 est
229 347 334 404 contra
348 343 576 425 dispositionem
596 343 671 424 legis
682 363 690 419 ;
702 342 749 404 vel
765 341 836 424 quie
848 348 894 404 est
910 350 1013 406 contra
1024 343 1074 422 jus
1087 345 1135 407 titi·

171 430 289 510 gantis:
305 430 333 494 si
347 433 445 515 prius,
461 432 560 495 adhuc
578 440 623 494 est
640 428 911 511 distinguendum:
930 430 977 494 vel
991 431 1022 493 id
1039 433 1137 514 inquo

171 521 318 584 sententia
333 521 526 606 laeditlegem
540 521 911 598 commemoratarum,
926 539 955 584 a.
971 541 1001 604 g.
1018 521 1043 583 si
1054 522 1136 603 iudea

173 615 216 672 ast
245 611 361 674 notorie
382 612 678 690 excommunicatus,
701 617 731 673 et
753 616 830 673 tune
849 611 997 672 sententia
1017 617 1064 674 est
1081 613 1137 693 ipso

172 699 238 778 juro
260 700 362 778 nullo3
383 701 431 765 vel
453 701 485 764 id
505 707 551 764 est
567 718 667 763 causeo
690 700 898 773 intrinsecam,
924 699 949 762 si
962 717 991 763 r.
1007 718 1038 781 g.
1057 700 1137 779 juder

172 791 351 870 pronuntiet
370 790 500 854 validam
520 809 586 854 esse
608 789 787 854 electionem
810 789 828 850 a
850 787 968 851 clericis
995 790 1137 871 suspensis

173 885 326 958 peractam
337 900 348 956 ;
359 886 389 942 et
402 887 475 942 tunc
488 879 512 942 si
527 897 612 942 error
625 879 811 960 exprimatur
825 877 857 939 in
873 878 1042 950 sententis,
1058 897 1091 940 ea
1103 887 1140 939 rst

173 965 283 1030 iterum
298 969 364 1051 ipso
384 969 452 1049 jure
467 969 568 1045 irrita,
586 986 643 1030 nec
656 986 733 1049 opus
748 973 793 1028 est
812 965 852 1028 ab
872 968 909 1030 et
925 967 1081 1048 appellari,
1095 965 1140 1028 sed
1196 991 1197 996 ¹

173 1059 275 1118 tannen
295 1057 457 1138 aliquando
478 1063 579 1138 posset
593 1056 706 1120 firmari
725 1074 779 1138 per
792 1055 1053 1137 prescriptionem
1068 1061 1139 1136 (cap.

173 1143 605 1222 Sententiot‚deseat.etre
618 1144 814 1227 judic.;cap.
832 1142 903 1220 (luta
916 1144 1140 1223 contrusam

175 1233 268 1314 repat.
277 1233 363 1316 juria
377 1235 409 1297 in
423 1235 489 1315 6⁰);
504 1237 529 1298 si
544 1241 646 1298 autem
664 1253 749 1298 error
762 1235 794 1296 in
815 1233 963 1294 sententia
977 1252 1041 1296 non
1056 1233 1141 1316 expri-

176 1331 295 1403 matur,
310 1322 438 1388 habetur
451 1331 485 1386 ut
497 1325 611 1401 valida,
627 1324 667 1387 ita
681 1330 715 1387 ut
730 1321 790 1385 nisi
803 1321 881 1385 iutra
894 1320 1003 1385 decem
1017 1323 1082 1386 dies
1094 1341 1142 1404 ap

175 1412 321 1493 pelletur,
333 1420 467 1478 transeat
479 1413 511 1476 in
526 1431 591 1477 rem
602 1413 779 1493 judicatam.

217 1501 247 1562 Si
260 1503 404 1583 prateriis
416 1523 428 1564 .·
442 1503 633 1585 quantumvis
653 1499 803 1582 ejusmodi
822 1501 971 1564 sententia
989 1503 1032 1564 sit
1051 1501 1142 1582 iniqua

178 1589 281 1668 (modo
293 1591 435 1673 iniquitas
447 1593 513 1670 ejus
524 1609 587 1654 non
600 1591 637 1653 sit
650 1589 777 1672 notoria)
789 1588 928 1654 habendo
941 1597 1031 1654 estut
1044 1589 1141 1666 relide,

177 1685 206 1740 at
220 1679 250 1740 in
266 1697 331 1742 rem
342 1680 506 1760 judicatam
522 1681 640 1757 transit,
654 1679 712 1742 nisi
724 1677 944 1742 condemnatus
954 1679 1035 1742 intra
1047 1679 1143 1743 dacen-

124 1775 126 1778 ’
177 1765 262 1830 diurn
276 1769 415 1851 appellet.
427 1772 471 1833 lta
480 1775 680 1833 communiter
692 1790 735 1846 ap.
745 1768 840 1832 Bouix
849 1767 1027 1848 (Heluetia,
1040 1777 1108 1832 tom.
1118 1773 1140 1846 t,

177 1875 209 1939 p.
225 1859 285 1920 230
299 1865 329 1920 et
341 1862 423 1939 231).

217 1949 413 2012 otton—IV.
431 1948 478 2014 Ad
490 1949 624 2014 valorem
632 1953 788 2011 santenttae
802 1947 966 2030 requiritur
975 1953 1009 2011 ut
1020 1949 1142 2024 teratur,
1196 1985 1197 1990 κ

178 2034 275 2100 citatis
290 2038 424 2119 partibus
438 2045 467 2102 et
486 2037 609 2120 quidem
628 2038 707 2100 trino
720 2037 860 2100 citatione
875 2037 920 2099 vel
934 2041 996 2100 una
1015 2055 1140 2120 peremp

178 2127 255 2188 torio
270 2126 427 2204 (Clement.
444 2128 610 2190 Pastorult's
623 2132 658 2204 2,
673 2126 709 2189 de
721 2135 796 2188 sent.
816 2135 846 2189 et
859 2145 891 2189 re
897 2123 1010 2208 judic.)
1023 2149 1031 2202 ς
1048 2127 1072 2190 si
1087 2143 1145 2208 pars

178 2213 265 2275 citata
288 2233 343 2296 per
356 2215 578 2278 contumaciam
599 2235 661 2278 non
684 2221 877 2296 compareat,
902 2214 998 2278 valide
1018 2231 1145 2298 pronun-

179 2302 246 2363 tiari
261 2309 358 2383 potest
372 2304 529 2380 sententia3
541 2305 565 2366 si
579 2303 657 2366 absit
670 2323 705 2366 ex
718 2305 798 2384 justt
810 2306 902 2367 coust
917 2351 925 2381 ,
941 2304 986 2366 vel
1000 2303 1053 2368 illa
1066 2321 1146 2366 causa

179 2395 252 2452 note
265 2401 310 2454 est
320 2391 432 2472 judici,
447 2392 493 2456 vel
519 2411 582 2455 non
598 2413 606 2454 τ
622 2395 646 2456 si
659 2393 761 2475 prius,
778 2392 924 2456 sententia
936 2393 1001 2472 ejus
1014 2401 1060 2456 est
1074 2393 1146 2455 nulla

180 2481 235 2558 (Ex
250 2481 308 2564 leg.
327 2481 377 2544 Eo
386 2501 453 2566 quic
465 2486 496 2561 ⁵1,
511 2483 557 2546 tit.
572 2481 710 2566 quomodo
719 2491 748 2544 et
755 2481 886 2563 quondm
902 2485 977 2544 etex
989 2483 1080 2547 auth.
1096 2480 1146 2557 Oui

179 2570 266 2632 semel
278 2570 374 2634 eodem
393 2572 495 2652 titulo)
501 2592 512 2650 3
526 2573 623 2635 valida
637 2578 683 2634 est
696 2574 838 2650 econtra,
852 2570 877 2634 si
894 2570 944 2634 illa
956 2589 1051 2634 causa
1059 2569 1144 2653 judici

180 2667 226 2722 cst
239 2661 351 2741 ignote.
368 2659 490 2742 (Bouix,
505 2661 561 2741 tu,
577 2681 609 2744 p.
630 2660 715 2744 23t.)

220 2753 311 2813 5955.
326 2785 367 2797 -
381 2753 417 2811 V.
435 2753 583 2823 Quaeritur
597 2769 636 2813 an
650 2750 688 2812 ad
700 2749 832 2813 valorem
847 2751 1003 2814 sententia
1018 2750 1145 2833 requira-

181 2842 229 2901 tur
243 2846 276 2901 ut
290 2857 360 2902 cum
375 2841 557 2923 praescriptis
576 2841 736 2922 processus
754 2839 898 2905 ordinarii
916 2839 1144 2904 solemnitatibus

182 2925 318 2992 seratur?

223 3019 312 3099 Resp.
329 3018 549 3103 Distinguendo
560 3039 568 3082 ε
581 3019 628 3083 vel
646 3017 739 3100 judex
756 3020 788 3082 in
807 3038 879 3084 casu
890 3019 1053 3103 procedere
1066 3017 1144 3082 debet

182 3125 236 3189 per
250 3125 428 3189 processum
440 3109 648 3186 ordinarium,
663 3109 710 3171 vel
731 3128 785 3190 per
798 3127 974 3192 processum
986 3105 1143 3172 extraordi-

183 3197 387 3260 nariumvalet
396 3198 570 3281 procedere,
579 3216 617 3262 ex
632 3198 964 3276 notoriovidelicct‚aut
977 3195 1141 3269 summarie,

182 3294 235 3347 aut
248 3286 530 3367 extrajudieialitor:
546 3287 578 3350 in
593 3287 692 3370 primo
706 3305 794 3366 casu,
809 3287 891 3350 irrita
904 3293 948 3350 est
962 3285 1104 3350 sententia
1116 3283 1141 3342 in

183 3377 244 3454 qut
272 3393 335 3437 non
362 3377 558 3440 observantur
591 3377 800 3440 substantiales
826 3377 985 3460 processus
1011 3367 1141 3438 ordinarit

184 3462 388 3526 solemnitates
395 3485 405 3540 3
421 3483 526 3546 secus,
546 3466 578 3530 in
592 3466 833 3546 secundeum,
854 3465 946 3532 modo
959 3465 1141 3528 observentur

184 3565 221 3609 ea
234 3567 302 3630 quse
315 3549 353 3612 ad
368 3551 497 3616 valorem
511 3554 670 3636 processus
689 3552 916 3618 extraordinarii
933 3553 1140 3639 requiruntur:
