2452 3984
204 274 262 336 808
423 291 558 337 utuntur
578 291 679 338 rortus
697 292 780 339 runis
800 291 950 339 cruentet.

204 390 403 471 tinguendum
414 397 460 454 est
471 412 478 453 ι
490 391 535 455 vel
546 393 657 474 petitur
670 392 710 454 ob
720 391 972 472 impedimentum
982 391 1161 474 impotentia,

206 479 248 541 vel
261 481 389 560 erroris,
408 487 460 544 aut
473 484 588 560 metus,
609 481 684 544 etin
704 481 741 543 iis
758 482 878 544 casibus
896 481 951 543 soli
973 481 1115 562 conjuges
1134 479 1163 542 ad

203 568 354 650 agendum
368 568 483 632 admitti
502 569 635 632 debent:
651 569 723 651 quia
741 570 772 632 in
790 573 890 652 primo
910 588 981 632 casu
996 575 1132 651 possunt,
1144 569 1163 629 si

203 657 313 735 velint,
329 659 541 722 nonobstante
555 659 749 742 impotentia,
773 659 945 722 cohabitare
957 665 1102 740 tanquam
1115 656 1162 718 lra-

203 751 291 809 teret
304 765 389 810 soror
404 745 483 830 (vide
497 746 575 810 dicta
588 747 692 830 1830),
703 753 734 810 et
747 747 778 809 in
790 747 855 809 aliis
868 747 999 824 casibus,
1013 765 1083 828 qua
1095 765 1162 808 erra·

202 834 308 898 vitrei
328 853 364 900 er
380 842 462 900 metu
484 836 650 914 contraxit,
666 835 759 898 libere
781 835 952 900 consentire
969 835 1001 898 in
1022 837 1163 898 matrimo—

203 925 375 988 niumtimd
385 926 542 988 necetiam
551 931 756 1007 parlesessent
765 923 957 987 admittendae
966 923 1162 987 adnullitatem

203 1013 389 1095 petendam,
417 1015 443 1076 si
466 1019 534 1096 post
556 1013 693 1076 notitiam
721 1013 928 1096 impedimenti
959 1014 1115 1076 carnaliter
1138 1031 1163 1074 se

203 1105 426 1184 cognovissent.

244 1193 297 1254 Vel
312 1192 422 1272 petitur
435 1192 556 1256 nullilas
569 1193 609 1256 ob
623 1193 876 1276 impedimentum
890 1192 1162 1274 consanguinitatis,

204 1285 254 1342 eut
269 1279 421 1344 affinitatis
442 1299 480 1344 ex
498 1283 608 1364 copule
625 1283 777 1363 conjugali
800 1288 853 1344 aut
873 1300 910 1344 ex
924 1281 1047 1364 publice
1068 1281 1162 1343 hones-

204 1373 262 1431 tate
276 1377 306 1432 el
319 1377 392 1435 tuno
405 1367 444 1432 ad
457 1370 610 1452 agendum
628 1370 744 1433 admitti
764 1369 875 1432 dehent
895 1375 1057 1451 parentes,
1081 1377 1122 1445 et,
1136 1371 1163 1430 iis

203 1455 433 1532 deficientibus,
449 1460 550 1522 vicini.
565 1463 608 1522 Ita
621 1459 835 1534 communiter.

245 1551 333 1610 6081.
349 1547 395 1610 Ad
408 1548 575 1612 nullitatem
588 1548 748 1631 petendam
762 1548 802 1612 ob
815 1548 873 1612 alia
883 1553 994 1630 praeter
1013 1556 1165 1619 memorata

204 1635 440 1719 impedimenta,
468 1637 584 1701 admitti
604 1643 729 1722 possunt
757 1637 943 1719 quicumque
969 1637 1165 1719 impedimenti

204 1727 341 1788 notitiam
354 1724 473 1790 habent
491 1729 534 1790 Ita
548 1727 769 1806 communiter,
784 1745 820 1790 er
840 1743 906 1808 cap.
923 1725 1106 1791 Perleteml
1119 1727 1167 1805 ,de

203 1815 329 1897 eisque
344 1814 390 1889 ni,
405 1821 463 1878 etc.
486 1815 661 1898 Repellendi
683 1820 755 1879 sunt
779 1820 883 1877 tamen
907 1819 938 1877 l·
965 1816 1018 1898 qui
1037 1825 1167 1881 accusant

204 1907 299 1986 turpis
312 1904 385 1969 lucri
400 1908 491 1969 cause
506 1904 584 1988 (cap.
600 1905 790 1988 Siqnifieesti
803 1909 844 1982 5,
867 1904 911 1966 lit.
927 1907 986 1983 18,
1010 1905 1062 1968 lib.
1084 1912 1102 1969 t
1118 1910 1167 1969 lle·

203 1997 301 2074 cret.);
318 2027 355 2040 ·-·
370 1996 402 2056 2⁰
420 1996 473 2075 qui
491 2012 554 2057 non
575 1993 806 2057 manifestarunt
827 1992 1080 2075 impedimentum
1103 1995 1167 2057 dum

203 2083 318 2146 fiebant
330 2083 502 2146 bannorum
515 2083 783 2165 proclamationes,
799 2082 856 2144 nisi
867 2081 1006 2164 probent,
1023 2083 1125 2147 saltem
1138 2105 1167 2146 ex

201 2173 373 2252 juramento
386 2189 419 2234 se
429 2172 583 2253 ignorasse
596 2179 670 2234 tunc
683 2171 945 2253 impedimentum,
961 2171 1007 2234 rel
1018 2173 1167 2235 nescivisse
1210 2213 1211 2218 κ

205 2260 288 2342 qudd
310 2259 417 2322 tierent
438 2260 688 2341 proclamationes
708 2259 789 2342 (cap.
815 2259 912 2322 ultim.
926 2307 935 2337 ‚
949 2260 995 2322 tit.
1017 2265 1075 2340 18,
1091 2261 1167 2324 lint

204 2350 346 2431 decreti.

244 2437 324 2502 Nota
348 2441 378 2500 1ο
401 2437 481 2520 quod
503 2453 565 2500 non
589 2455 643 2520 per
661 2437 775 2501 litteras
796 2438 934 2518 tantmn,
958 2439 1012 2501 sed
1031 2457 1168 2522 persona·

204 2525 282 2608 liter,
297 2526 418 2590 nullitas
429 2526 611 2590 matrimonii
623 2527 717 2608 possit
730 2528 862 2590 accusari
872 2527 949 2609 (cap.
962 2527 1130 2611 Persea-ipe.
1141 2532 1167 2604 5,

204 2635 294 2680 causa
307 2621 325 2678 2
337 2663 346 2695 ,
360 2636 392 2697 q.
408 2619 444 2692 8;
459 2624 489 2679 et
511 2633 578 2698 cap.
593 2617 621 2678 A
635 2615 767 2694 nulrit,
784 2615 830 2677 lit.
848 2619 906 2694 l8,
927 2616 979 2678 lib.
996 2621 1015 2678 2
1034 2620 1166 2693 Deerat).

244 2709 334 2769 6085.
350 2738 389 2751 -
402 2704 483 2768 Noto
496 2707 528 2767 2ο
547 2701 630 2788 qudd
649 2720 794 2767 accusans
808 2704 974 2768 nullitalem
994 2703 1168 2768 matrimonii

203 2793 300 2859 audiri
314 2793 403 2856 debet
413 2793 502 2855 etiam
517 2799 585 2876 post
596 2795 635 2857 80
648 2793 851 2869 aldomnus,
865 2793 937 2876 quia
951 2796 1168 2858 matrimonium

205 2883 323 2946 nullum
345 2899 503 2963 nunquam
515 2887 612 2946 tractu
634 2881 778 2964 temporis
798 2882 978 2946 cortvalescit
992 2901 1000 2945 :
1016 2883 1169 2947 imddatur

204 2972 283 3035 actio
303 2976 409 3033 contra
426 2970 499 3034 illud
521 2972 612 3033 etiam
625 2978 693 3052 post
704 2971 882 3034 sententiam
895 2971 988 3034 latam
1005 2989 1062 3054 pre
1084 2971 1168 3055 ipsius

203 3061 323 3139 valore,
347 3060 505 3141 quietalis
529 3060 678 3123 sententia
700 3076 858 3141 nunquam
880 3060 913 3122 iu
936 3079 1002 3123 rem
1012 3061 1166 3142 judicatam

203 3151 311 3212 transit
325 3152 401 3231 (cap.
422 3150 516 3212 Later
528 3153 563 3227 7,
576 3147 611 3211 de
623 3155 696 3210 seat.
712 3155 742 3211 et
754 3167 787 3210 re
794 3147 894 3230 judi:
907 3149 1014 3232 excipe
1029 3151 1054 3213 si
1067 3148 1167 3211 mortui

202 3241 264 3320 jam
277 3237 337 3300 sint
349 3239 494 3318 conjuges
507 3284 514 3314 ‚
530 3244 560 3299 et
571 3245 637 3319 post
648 3241 687 3299 30
700 3242 753 3300 aut
761 3240 802 3298 tu
815 3253 912 3300 annos
925 3243 1081 3302 moueatur
1092 3237 1124 3298 lis
1133 3235 1167 3296 do

204 3327 388 3409 legitimitate
401 3325 544 3388 filiorum.
556 3325 740 3405 Schmalrgr.
755 3327 814 3407 (ap.
830 3325 943 3404 Boniti,
958 3325 1014 3403 lla,
1027 3346 1059 3409 p.
1074 3327 1144 3404 tet).

244 3419 333 3478 8086.
349 3417 439 3496 Hesp.
463 3417 550 3477 2⁸1tt
572 3421 661 3478 testes
682 3414 721 3477 ad
744 3412 960 3496 deponendum
982 3415 1022 3477 de
1043 3413 1166 3478 nullitate

205 3503 387 3564 Matrimonii
411 3505 442 3563 in
458 3501 534 3564 facie
554 3502 694 3565 Ecclesiae
713 3505 878 3580 contracti,
902 3503 1099 3566 admittuntur
1117 3498 1165 3580 qui

206 3589 366 3651 certiorem
380 3589 460 3652 illius
475 3589 609 3652 notitiam
624 3591 753 3668 habent,
769 3591 896 3673 proinde
910 3593 1001 3654 etiam
1016 3599 1163 3675 parentes,

207 3676 423 3755 consanguinei
444 3684 474 3740 et
493 3677 597 3742 affines
610 3681 686 3764 (cap.
718 3677 840 3742 Videtur
851 3684 870 3743 8
883 3725 893 3750 .
906 3681 960 3751 eui
975 3681 1107 3745 Multam.
1119 3693 1165 3740 oe·
