2452 3984
152 244 211 308 art
371 255 508 305 urnulas
527 255 629 304 corius
647 255 729 303 aunis
748 255 897 304 aaronica.

151 358 299 440 gnatismo
312 357 435 420 animali
449 356 549 438 quoad
563 353 724 437 plerosque
737 352 862 417 effaetus
876 371 929 436 per
942 353 1043 436 ipsum
1056 373 1127 436 pro·

151 447 268 511 ductos.
284 448 352 510 Non
372 445 489 509 videtur
501 450 603 508 umen
619 462 658 507 ex
670 443 717 506 his
739 441 850 506 debere
870 441 1010 506 concludi
1023 442 1128 506 diabo-

151 525 245 600 licum
268 555 334 600 essa
357 534 485 618 simplex
511 531 816 598 somnambulismum
840 531 1045 614 magnetieum
1071 551 1128 615 per

152 624 396 708 gesticulationes
409 629 462 687 aut
483 629 637 706 aspectum
655 621 835 699 inductum,
849 621 903 684 etsi
922 621 955 684 in
969 620 1028 684 hoc
1046 626 1128 684 statu

153 714 231 778 adsit
242 713 381 797 quaedam
396 711 631 777 extraordinaria
645 711 815 794 proclivitas
828 709 972 794 loquendi
985 709 1024 773 de
1039 709 1128 774 variis

153 803 297 886 objectis,
322 801 413 866 modb
439 803 517 866 intra
538 801 688 884 apbaeram
711 799 921 883 cognitionum
944 799 1129 864 naturalium

154 893 357 958 contineatur.
374 891 448 955 Vide
466 891 565 956 Reate
576 889 626 954 dea
645 889 778 954 Scieaces
789 888 886 954 eccle.
902 890 948 969 ln·
960 891 991 968 5,
1006 908 1037 972 p.
1057 892 1130 952 lll-

196 1085 302 1166 Colligi
321 1085 412 1149 etiam
432 1089 531 1168 potest
544 1084 618 1168 quid
637 1085 677 1148 sit
687 1081 879 1148 sentiendum
892 1080 931 1144 de
947 1080 1128 1164 spiritismo,

157 1193 211 1237 reu
224 1174 262 1236 de
275 1173 332 1237 hle
344 1177 422 1237 novt
435 1177 526 1252 secta,
540 1175 602 1254 jam
621 1173 711 1257 longe
724 1174 844 1257 lateque
857 1173 971 1253 sparse,
986 1189 1056 1253 quae
1069 1178 1132 1233 stu-

158 1263 273 1344 pendos
285 1261 410 1327 affectus
422 1265 550 1346 magiae,
567 1262 827 1327 somnambulismi
848 1260 1026 1343 magnelici,
1041 1259 1130 1323 tabu-

158 1351 256 1415 larum
282 1353 454 1436 gyrantium
480 1353 764 1434 verberantiumque
791 1351 897 1414 tribuit
923 1349 1130 1429 interventui,

159 1458 221 1505 non
243 1441 372 1521 diaboli,
395 1441 447 1507 sed
469 1442 629 1526 spirituum
651 1444 724 1524 qui,
740 1442 825 1524 juxta
845 1438 1017 1520 hujusmodi
1039 1445 1133 1502 secta·

159 1535 238 1594 tores
259 1549 320 1593 non
342 1531 391 1593 alii
409 1537 509 1594 essent
528 1533 622 1614 quam
640 1531 749 1596 animae
770 1531 911 1594 humanae
930 1528 976 1592 vel
992 1528 1132 1592 nondum

159 1619 320 1684 incamatae
341 1621 386 1684 rel
409 1620 472 1704 jam
495 1623 514 1684 a
534 1621 662 1685 vinculis
682 1620 819 1704 corporis
845 1618 893 1682 sui
915 1617 1030 1682 solutae.
1056 1616 1132 1681 Vide

159 1707 258 1860 spicae
278 1707 327 1773 der
347 1709 471 1774 coenses
491 1709 735 1794 eoettaiostiques,
757 1716 831 1773 tom.
853 1713 886 1790 l,
908 1725 940 1791 p.
960 1709 1038 1782 933,
1058 1709 1130 1786 321,

201 1905 290 2055 6335:
301 1905 400 2058 Operi
408 1911 510 1990 posset
520 1904 660 1970 adhuet·
668 1923 707 1969 aa
721 1909 752 1968 et
763 1901 919 1988 quomodo
932 1902 997 1969 tolli
1011 1907 1132 1986 possent

161 2009 240 2056 mae
263 2012 310 2058 cra

201 2133 241 2146 -
255 2100 299 2162 De
311 2098 485 2165 hocvideS.
501 2099 638 2183 Ligucr„
653 2097 706 2161 lib.
717 2101 748 2177 3,
760 2097 801 2161 η’·
811 2103 851 2163 al
864 2105 894 2163 et
907 2103 957 2162 aa.

203 2207 252 2266 An
269 2209 370 2266 autem
393 2203 431 2266 sit
455 2203 571 2268 licitum
594 2209 688 2266 sortes
710 2202 854 2266 adbibere
877 2203 909 2266 in
934 2201 1133 2268 electionibus

163 2291 307 2355 iaciendis
319 2339 327 2370 ,
341 2291 408 2355 vide
420 2291 498 2356 dicta
511 2309 603 2375 supra
616 2294 697 2373 (llo,
713 2291 818 2375 a3at).

204 2409 293 2470 6256.
310 2405 431 2478 Ouaerit.
448 2411 479 2472 6⁰
494 2408 638 2482 Quaenam
659 2406 720 2469 sint
733 2425 830 2489 poenae
843 2411 947 2471 contra
961 2408 1093 2492 magiam
1114 2409 1134 2471 a

164 2497 256 2561 sacris
269 2495 439 2561 canonibus
453 2495 544 2561 latae?

204 2603 293 2682 Resp.
322 2599 474 2662 Maleiieos
497 2601 651 2664 incurrere
671 2602 704 2664 l·
728 2601 1072 2665 excommunicationem
1095 2623 1134 2666 ex

166 2706 230 2771 cap.
248 2687 367 2770 Siquis
379 2690 499 2769 ariolos,
514 2709 604 2754 causa
615 2693 665 2770 26,
681 2709 712 2770 q.
727 2692 758 2762 5,
775 2688 972 2752 ubidicitur:
991 2691 1134 2773 «Siquis

165 2800 180 2838 r
204 2778 331 2855 ariolos,
347 2777 540 2862 haruspices,
562 2779 609 2842 vel
628 2779 827 2842 incantatores
849 2779 1067 2860 observaverit,
1081 2787 1134 2844 aul

167 2889 182 2928 a
206 2867 408 2948 philacteriis¹
431 2887 504 2932 usus
525 2869 635 2947 luerit,
665 2868 823 2931 anathema
844 2867 894 2932 sit.
918 2889 934 2929 n
960 2869 1134 2951 Disputatur

166 2963 266 3021 tanren
288 2975 327 3020 an
351 2957 416 3021 baec
429 2958 699 3022 excommunicatio
717 2957 754 3019 sit
769 2957 835 3020 latae
857 2957 904 3021 vel
922 2958 1054 3022 tenende
1067 2977 1135 3022 aen-

166 3047 286 3124 tentiae3
311 3065 383 3110 nam
404 3049 541 3130 quamvis
559 3049 590 3110 in
610 3047 700 3111 rebus
722 3044 792 3108 fidei
812 3045 904 3110 verba
920 3047 1135 3115 matamoro

167 3137 369 3220 intelligantur
382 3137 421 3201 de
434 3136 743 3201 excommunicatione
757 3137 824 3199 latae
837 3137 1008 3216 sententiaa,
1022 3136 1054 3199 in
1068 3135 1135 3201 aliia

164 3235 265 3290 tamen
277 3223 411 3285 materiis
426 3239 489 3282 non
503 3228 546 3284 est
559 3221 599 3284 ita
612 3219 861 3304 intelligendum,
874 3224 960 3305 iuxta
977 3225 1088 3288 Suanos
1106 3234 1136 3287 et

165 3317 238 3379 alios
247 3312 372 3398 (Vides.
385 3313 518 3392 lignea,
529 3309 580 3372 lib.
593 3313 623 3386 3,
633 3319 665 3371 u⁰
677 3311 739 3394 Ἢ).
753 3311 954 3376 DecbsiletC.
966 3314 1024 3396 Ap.
1035 3313 1130 3378 Sedis.

205 3409 237 3466 2⁰
251 3403 416 3466 incurrunt
430 3401 777 3463 excommunicationem
791 3403 886 3466 Bullae
899 3403 1005 3480 Ceno,
1017 3405 1041 3466 si
1056 3404 1088 3466 in
1102 3408 1139 3468 ria

201 3567 206 3594 ¹
220 3563 380 3628 Pistoclerus
396 3559 512 3613 dicuntur
531 3557 570 3610 btc
586 3561 676 3612 charta
695 3563 721 3613 in
741 3562 831 3629 quibua
846 3566 1006 3620 contineatur
1024 3565 1143 3623 incanta-

171 3631 258 3685 tiooar.
272 3635 307 3684 lta
323 3633 418 3687 Glorm.
