2548 3988
94 251 97 256 i
156 187 215 252 290
373 195 513 246 nexurae
532 193 635 244 rarius
653 190 736 238 runis
754 187 903 237 mnonrcr.

156 308 205 363 tur
219 305 251 363 ut
263 299 306 362 rei
318 294 513 376 resipiscant;
527 297 558 356 et
578 291 610 354 in
623 289 818 353 vindicatione
832 306 901 369 quur
919 287 1013 369 ipsius
1026 285 1127 351 delicti

157 388 345 470 punitionem
359 403 395 448 ac
407 382 631 464 repressionem
644 378 798 462 praecipue
815 375 994 457 respiciunt,
1009 381 1040 438 et
1058 379 1130 439 sunt

154 495 248 559 prenae
261 473 436 557 simpliciter
450 489 505 534 seu
518 488 607 532 merce
615 485 711 550 perure
725 486 736 527 .·
747 467 833 545 juxta
846 464 926 527 hanc
934 463 1129 544 divisionem,

158 565 316 629 materiam
335 577 495 644 poenarum
521 559 687 641 partiemur
707 555 739 616 in
757 555 819 618 duo
836 552 953 635 capita,
969 559 1131 635 postquam

158 659 261 718 tamen
280 649 428 736 quasdam
445 647 626 732 questiones
640 643 796 726 generales
812 641 1057 724 expenderimus.
1073 644 1131 704 lta·

183 762 235 806 ue:

159 762 181 826 q
198 835 289 896 6907.
303 828 427 904 Ouaerit.
444 831 477 891 l⁰
492 829 540 889 An
554 845 625 890 reus
638 829 773 889 teneatur
783 822 815 885 in
829 821 1011 886 conscientie
1025 821 1134 904 exequi

161 939 285 1006 poenam
298 920 365 984 latae
378 916 553 992 sententie,
569 922 638 978 ante
650 931 774 978 omnem
786 910 896 991 judicis
910 911 1115 974 sententiam?

201 1015 292 1093 Resp.
309 1012 369 1072 Pro
382 1005 531 1070 solutione
545 1003 636 1084 hujus
648 1003 733 1067 dubii
742 998 910 1065 revocanda
919 1005 965 1062 est
978 999 1010 1062 in
1021 1017 1137 1063 memo·

161 1102 238 1163 riam
262 1097 415 1161 distinctio
434 1095 512 1157 inter
527 1093 708 1156 sententiam
724 1089 1002 1154 condemnatoriam
1016 1095 1048 1152 et
1068 1107 1136 1152 sen·

161 1190 288 1252 tentiam
301 1183 550 1261 declaratoriam,
565 1181 603 1244 de
617 1201 679 1264 quo
692 1181 810 1262 egimus
823 1197 915 1260 supra
929 1176 1042 1258 (5959).

202 1279 292 1340 6398.
305 1271 547 1336 GeneratimDD.
557 1270 740 1348 concedunt,
747 1269 949 1348 juxtaSuarez
959 1267 1137 1352 (DcLeqr'b.,
1263 1321 1264 1324 ,

164 1365 217 1428 lib.
229 1367 260 1440 5,
272 1361 314 1425 n¹·
324 1367 355 1438 9,
365 1365 396 1439 3,
408 1363 457 1435 15,
467 1358 531 1442 16),
542 1377 676 1441 paenam,
690 1376 759 1440 quae
770 1375 831 1420 non
845 1361 923 1420 esset
933 1357 1023 1420 nimis
1031 1358 1137 1438 ardua,
1263 1339 1264 1384 ³

164 1471 252 1536 posse
267 1454 285 1514 a
298 1451 467 1534 legislatore
481 1447 531 1510 tali
545 1446 637 1510 modo
650 1465 703 1509 reo
723 1445 839 1528 imponi
857 1451 905 1520 ut,
926 1453 997 1510 ante
1013 1465 1139 1510 omnem
1263 1439 1264 1474 ³

165 1541 363 1618 sententiam,
377 1539 506 1620 ipsemet
523 1541 661 1600 teneatur
675 1533 758 1598 illam
771 1535 879 1617 exequi
897 1554 904 1596 :
920 1553 960 1598 an
980 1541 1080 1600 autern
1096 1537 1140 1600 sic

165 1629 294 1694 voluerit
315 1627 467 1709 legislator
488 1642 595 1710 poenas
614 1643 652 1688 eo
673 1623 766 1688 modo
788 1623 939 1688 ordinarie
960 1625 1138 1708 imponere,

165 1721 215 1782 hic
228 1717 400 1800 inquiritur.

207 1811 297 1871 6309.
312 1805 505 1871 Concordem
522 1801 684 1870 canonistas
698 1803 778 1888 quod
793 1806 818 1868 si
832 1804 958 1887 quaestio
972 1805 1011 1868 sit
1022 1805 1060 1870 da
1075 1824 1140 1888 poe-

169 1897 217 1959 nis
231 1897 374 1980 positivis,
390 1916 442 1960 seu
457 1897 495 1958 de
509 1896 607 1978 poenis
624 1914 693 1976 quae
706 1895 874 1958 consistunt
888 1895 919 1956 in
934 1895 1050 1958 actione
1065 1896 1142 1978 pusi·

167 1988 245 2062 tiva,
269 2006 298 2049 v.
327 2007 377 2068 g.‚
401 1986 514 2067 aliquid
538 1983 697 2067 praestandi
725 1993 777 2047 aut
804 1984 956 2066 patiendi,
983 2004 1052 2049 reus
1079 2003 1141 2048 non

168 2164 313 2246 ipsujure
333 2164 393 2225 sint
408 2163 473 2225 latae
491 2184 498 2224 ι
514 2162 596 2225 unde
617 2163 640 2223 si
656 2161 725 2242 quis
745 2159 785 2222 ob
804 2161 966 2222 simoniam
988 2171 1040 2225 aut
1058 2164 1142 2228 aliud

168 2255 305 2330 crimen,
320 2251 453 2334 privetur
467 2251 532 2331 ipso
545 2249 623 2312 tacto
636 2248 791 2311 beneficiis
802 2250 866 2328 jam
880 2249 1029 2326 obtentis,
1043 2255 1144 2336 requi-

171 2341 244 2402 ritur
263 2339 423 2402 declaratio
434 2339 563 2419 judicis,
579 2338 651 2420 quia
662 2337 753 2400 nimis
766 2337 860 2400 ardua
873 2345 903 2400 et
916 2339 1142 2407 inobservabilis

169 2435 247 2492 esset
257 2429 305 2490 illa
318 2429 368 2491 lex
380 2427 549 2490 humanavi
559 2427 648 2508 cujus
661 2441 730 2488 reus
745 2427 870 2508 ipsemet
883 2425 1006 2492 deberet
1018 2449 1141 2512 poenam

169 2519 200 2580 in
211 2518 342 2600 seipsum
354 2517 479 2600 exaqui;
492 2535 549 2579 nec
561 2515 686 2598 proinde
701 2517 842 2596 praesumi
857 2513 947 2580 debet
959 2519 1043 2600 quod
1056 2520 1143 2603 legis·

168 2614 244 2668 tator
269 2607 397 2670 voluerit
430 2607 529 2687 legem
556 2606 608 2666 tali
642 2604 732 2666 modo
766 2603 949 2686 obligantem
985 2607 1143 2691 imponere

168 2694 211 2772 (S.
226 2694 363 2776 Lignea,
378 2696 430 2757 lib.
454 2701 489 2774 1,
511 2704 543 2756 n⁰
559 2693 629 2778 119)
648 2712 654 2752 :
671 2693 811 2755 ellectum
825 2699 926 2758 tamen
946 2714 1035 2760 suum
1053 2697 1142 2764 hebet

168 2781 342 2860 hujusmodi
364 2802 453 2866 poena
474 2785 538 2864 ipso
562 2785 630 2863 jure
652 2783 710 2844 laia
729 2783 747 2844 1
766 2779 817 2844 dia
836 2786 998 2866 perpetrati
1018 2787 1139 2866 delicti,

166 2870 251 2949 juxta
264 2871 344 2934 dicta
357 2891 448 2953 supra
462 2872 575 2956 (5950).

213 2963 304 3025 6319.
321 2961 351 3023 Si
364 2961 435 3022 vero
448 2968 553 3042 agatur
566 2961 604 3025 de
618 2963 715 3044 poenis
728 2964 878 3045 privativis
900 2983 969 3048 quaa
982 2965 1141 3050 adimpleri

170 3057 298 3138 possunt
320 3047 396 3132 quin
418 3049 531 3131 aliquid
552 3049 628 3113 fiat:
653 3053 698 3116 vel
719 3053 793 3116 tales
816 3073 915 3138 poenar
937 3056 1055 3138 privant
1072 3059 1141 3139 jure

170 3141 316 3224 acquisito
334 3137 438 3217 etjam
453 3158 609 3221 possesso,
626 3140 673 3204 vel
693 3141 857 3206 inhabilem
879 3147 998 3208 tantum
1011 3147 1141 3212 reddunt

169 3233 269 3312 adius
283 3227 404 3310 aliquod
424 3229 663 3309 acquirendum:
686 3231 709 3292 si
723 3233 823 3314 priter,
839 3233 1000 3315 requiritur
1019 3245 1140 3300 sentcn-

168 3322 208 3382 tia
226 3317 420 3382 declaratoria
434 3318 550 3397 (saltem
567 3319 713 3398 criminis)
729 3328 761 3382 ut
774 3340 864 3402 poena
877 3326 971 3404 possit
983 3343 1034 3387 reo
1047 3327 1140 3410 appli-

168 3409 247 3483 cari,
264 3407 337 3490 quia
350 3409 422 3471 cirm
438 3408 482 3470 lex
497 3407 625 3490 poenalis
638 3407 743 3470 debeat
760 3411 853 3492 accipi
873 3412 904 3473 in
918 3413 1029 3476 mitiori
1048 3434 1139 3481 sensu

168 3491 233 3556 heo
257 3497 364 3569 verba,
387 3495 471 3558 aalld
492 3496 644 3580 expectati
669 3497 884 3579 declaratione,
911 3502 1136 3585 intelliguntur,

168 3580 250 3642 aulici
263 3584 416 3664 expectati
429 3583 623 3648 declaratione
636 3603 751 3670 praru:
764 3605 801 3652 err
815 3590 877 3670 qud
892 3589 1136 3676 interpretatione

1263 1943 1264 1994 l

166 2083 305 2138 teneatur
318 2075 384 2136 illas
402 2076 510 2156 exequi
529 2080 599 2136 ante
619 2076 797 2136 sententiam
818 2073 1063 2146 declaratoriam‚
1085 2075 1141 2138 etsi

1263 2769 1264 2808 l

1263 3013 1264 3060 l

1263 3195 1264 3236 ι

1263 3529 1264 3566 )
