2548 3988
217 155 282 230 ints
450 179 585 226 nanuum
604 179 705 226 ronros
725 179 807 224 runrs
827 174 976 222 unxoxrcr.

223 279 304 341 nulia
324 277 414 340 estin
427 278 611 340 confessario
631 285 761 360 potestas
783 295 818 338 ex
843 271 1019 356 hypothesi,
1040 277 1071 334 et
1088 271 1198 334 nullibi

223 367 340 430 videtur
354 365 436 448 qubd
456 366 590 429 Ecclesia
608 367 745 448 suppleat
765 365 858 428 talem
877 361 1028 424 deiectum
1046 360 1086 422 ob
1100 360 1200 422 solnm

224 473 357 518 errorem
373 457 522 536 privatum
536 457 633 534 (secus
647 461 690 518 est
704 461 806 518 umen
824 451 987 515 dicendum
1001 450 1033 511 in
1053 447 1111 512 bic
1124 448 1200 511 dioe-

223 544 283 607 cesi
307 544 531 621 valentinensi,
557 543 627 624 qnia
651 543 819 624 Episcopus
842 542 875 604 in
893 557 966 604 casu
992 536 1129 620 providet
1154 538 1192 598 in-

223 629 364 714 digentiae
378 631 551 714 poenitentis
565 632 605 694 ob
618 649 706 694 suam
720 631 833 695 bonam
847 629 951 694 fidem.
967 627 1041 690 Vide
1054 625 1198 698 ordonn,

265 811 295 875 st
307 813 378 874 xero
386 829 472 874 error
480 813 519 874 sit
527 811 700 875 communis
708 815 739 873 et
747 809 950 873 confessarius
959 805 1198 889 vulgbbabeatur

225 907 258 964 ut
276 900 411 982 legitime
431 901 632 983 approbatus,
647 899 745 962 valide
766 905 812 961 est
833 897 981 961 absolutio
1001 913 1197 958 censurarum

225 989 305 1054 oona
320 989 380 1052 lida
393 996 531 1070 accepta,
546 989 618 1070 quia
632 987 663 1050 in
677 987 736 1051 hoc
749 1005 821 1051 casu
835 985 968 1049 Ecclesia
978 983 1099 1066 supplet
1108 983 1197 1064 iuris-

225 1078 400 1142 dictionem.
416 1080 453 1140 D.
476 1079 621 1141 Stremler
640 1077 761 1160 exigere
781 1075 899 1140 videtur
917 1075 1030 1138 bonam
1051 1069 1147 1136 iidem
1165 1091 1200 1134 ex

226 1173 310 1248 parte
323 1164 485 1229 sacerdotis
494 1165 676 1230 absolventis
686 1165 794 1248 (ib.,p.
811 1167 881 1242 Eli,
893 1165 962 1241 249)
973 1179 980 1222 :
993 1161 1046 1225 sed
1058 1159 1082 1224 si
1098 1163 1201 1225 reveri

228 1255 257 1316 id
277 1254 395 1337 exigat,
415 1254 480 1317 sine
500 1253 707 1317 tundamendo
729 1255 820 1336 exigit
842 1249 943 1335 quoad
965 1267 1070 1314 casum
1090 1252 1203 1314 erroris

227 1343 415 1420 communis,
431 1349 484 1405 aut
501 1342 527 1406 si
548 1361 633 1406 error
652 1341 825 1406 communis
847 1360 909 1404 non
923 1339 1009 1418 adsit,
1031 1339 1203 1403 hodalides

228 1431 409 1494 absolventis
421 1431 558 1496 sufficere
568 1433 675 1514 nequit
683 1432 722 1495 nd
730 1429 913 1496 validitatem
921 1429 1119 1493 absolutionis
1130 1430 1204 1512 quis

229 1519 293 1582 haec
307 1519 387 1582 bona
400 1519 475 1583 tides
485 1519 724 1600 jurisdictionem
740 1539 801 1584 non
816 1525 946 1603 prestat.

269 1612 357 1674 6480.
374 1609 496 1682 Quaerit.
514 1613 566 1672 ll⁰
579 1612 625 1672 lin
636 1609 689 1692 qui
701 1609 831 1673 obtinuit
840 1612 1016 1690 potestatem
1028 1606 1205 1671 absolvendi

229 1699 381 1761 sensibus
400 1697 551 1782 Episcopo
573 1698 728 1762 reservetis
748 1698 855 1761 hebeat
868 1715 907 1761 ao
927 1697 1010 1778 ipso,
1025 1703 1205 1779 potestatem

230 1788 248 1852 it
261 1785 396 1852 censuris
409 1787 446 1850 iis
459 1787 579 1852 casibus
592 1788 720 1860 annexis
732 1786 930 1850 absolvendi?

268 1879 358 1960 liesp.
375 1877 406 1940 Si
429 1885 535 1959 agetur
552 1877 592 1940 de
612 1877 942 1954 excommunicatione,
956 1875 1009 1957 qui
1026 1881 1205 1957 potestatem

144 2043 147 2052 Α
230 1963 339 2050 accipit
351 1967 524 2030 absolvendi
539 1969 557 2030 a
570 1967 690 2030 casibus
702 1967 860 2029 reservatis
873 1965 910 2027 cd
925 1965 990 2046 ipso
1004 1965 1134 2028 obtinuit
1149 1987 1205 2050 po-

230 2064 366 2120 testatem
397 2055 571 2120 absolvendi
603 2055 643 2118 ab
675 2055 987 2118 excommunicatione
1022 2053 1058 2116 iis
1084 2056 1209 2120 casibus

232 2146 297 2229 ipso
317 2145 396 2208 iacto
418 2148 536 2208 annexa
554 2164 563 2206 ε
584 2145 660 2206 ratio
678 2151 725 2207 est
743 2144 815 2225 quie
834 2143 967 2225 alioquin
987 2161 1049 2206 non
1068 2153 1171 2225 posset
1188 2164 1207 2208 a

231 2235 351 2297 casibus
364 2234 436 2315 ipsis
453 2233 608 2295 reservatis
622 2232 792 2310 absolvere,
807 2233 879 2294 cinn
897 2251 978 2296 unns
997 2250 1034 2296 ex
1049 2231 1209 2298 effectibus

232 2321 552 2386 excommunicationis
563 2321 601 2384 sit
616 2321 763 2403 impedire
780 2323 986 2403 receptionem
1005 2332 1209 2387 sacramento-

232 2431 319 2490 rum,
339 2418 374 2475 ui
389 2410 466 2474 inira
479 2410 617 2474 dicemus
631 2429 638 2471 :
653 2428 689 2474 ac
706 2409 833 2493 proinde
847 2409 995 2493 impedire
1012 2417 1209 2491 peccatorum

230 2501 463 2568 absolutionem.
480 2499 565 2580 (vide
578 2519 645 2582 cap.
663 2503 810 2562 Proterca
823 2504 852 2572 5,
869 2499 905 2563 dc
917 2499 998 2584 offic.
1012 2497 1119 2581 detep.)
1135 2525 1139 2528 ·

273 2594 362 2654 6481.
378 2591 410 2653 si
430 2589 501 2652 verb
515 2597 620 2672 agatur
637 2589 676 2652 de
689 2589 887 2672 suspensione
900 2596 952 2652 aut
964 2587 1137 2667 interdicto,
1153 2593 1209 2674 qui

232 2679 348 2760 accepit
359 2677 397 2740 ab
406 2678 555 2760 Episcopo
568 2683 745 2760 potestatem
758 2677 932 2740 absolvendi
945 2680 962 2740 h
976 2677 1095 2741 casibus
1108 2697 1210 2745 reser-

232 2768 306 2830 vatis
325 2767 355 2828 in
366 2766 499 2845 dissuasi,
521 2786 583 2830 non
599 2766 666 2829 ided
676 2767 792 2849 accepit
809 2772 986 2849 potestatem
1001 2767 1177 2833 absolvendi
1191 2773 1211 2834 b

234 2853 483 2936 suspensionibus
497 2861 549 2916 aut
562 2853 728 2917 interdictis
742 2855 778 2916 iis
790 2855 910 2918 ensibus
923 2855 1001 2919 torte
1017 2859 1163 2938 annexis,
1179 2869 1212 2923 et

234 2961 303 3024 quae
317 2951 417 3005 essent
434 2949 598 3020 reservata,
617 2941 674 3004 nisi
690 2943 873 3006 contrarium
893 2943 931 3006 ab
951 2945 1109 3008 Ordinario
1124 2947 1210 3012 dice·

234 3039 339 3108 retur,
360 3036 450 3113 prout
477 3031 509 3094 in
536 3031 593 3094 hic
618 3030 740 3094 dioecesi
761 3032 936 3113 Valentin.‚
961 3035 1047 3113 juxta
1075 3034 1208 3114 Ordonn.

233 3141 263 3202 p.
287 3125 357 3184 346.
374 3119 459 3184 ltntio
479 3127 524 3184 est
541 3121 614 3202 quie
630 3119 677 3183 has
694 3120 763 3184 duae
789 3139 924 3186 censure
947 3140 1009 3186 non
1037 3123 1211 3205 impediunt

234 3211 440 3293 receptionem
450 3210 630 3274 sacramenti
638 3209 878 3291 prenitentieut
887 3211 977 3274 etiam
987 3211 1211 3278 diutu'risumus

235 3300 323 3362 inira.
334 3295 474 3364 -Seous
491 3305 536 3362 cst
554 3297 719 3361 dicendum
741 3298 864 3380 quando
881 3301 1033 3364 obtinetur
1050 3303 1068 3363 'a
1082 3303 1114 3365 S.
1130 3303 1212 3366 Sede

236 3395 366 3470 potestas
380 3387 577 3451 absolvendis
591 3389 709 3450 casibus
723 3387 779 3469 ipsi
793 3389 964 3469 reservatis,
977 3391 1014 3454 ed
1025 3391 1108 3472 quod
1121 3411 1213 3458 casus

236 3495 299 3540 non
310 3477 563 3541 reserventurtS.
572 3475 650 3541 Sede
660 3475 962 3542 nisiobcensuraseis
971 3498 1116 3560 annexam
1126 3483 1213 3546 unde

236 3571 367 3646 potestus
375 3565 588 3630 donantibus
596 3564 895 3631 casibusabsolrendi
905 3570 1109 3656 estprseoipue
1117 3571 1214 3638 lacul-
