2452 3984
190 298 249 360 tlt
412 314 549 359 nonnam
571 313 672 360 ronns
690 313 773 358 sonis
792 311 939 358 canonici.

190 415 260 496 quia
286 413 344 476 lroe
369 421 445 476 esset
471 419 658 476 commutare
672 411 826 494 spirituale
853 429 909 494 pro
931 409 1100 492 temporali,
1121 417 1145 472 et

189 503 316 585 proinde
329 509 409 565 esset
425 503 563 566 simonia.

229 595 319 654 6177.
342 591 575 653 controvertitur
598 596 699 653 autern
723 607 763 651 an
785 588 914 672 pecunia
940 587 1035 669 possit
1053 587 1146 650 redimi

190 679 305 742 vexatio
324 679 403 742 circa
424 679 643 760 possessionem
661 677 811 740 beneficii.
831 677 938 746 Prima
956 677 1147 739 sententiant-

190 774 261 849 gat,
286 768 358 852 quia
381 767 530 850 possessio
555 775 599 830 est
624 786 671 831 res
694 765 855 848 spiritualis
876 765 922 828 vel
945 765 1088 848 spirituali
1107 785 1148 828 an·

189 874 286 935 nexa,
310 859 382 920 cinn
396 875 450 939 per
463 857 681 940 possessionem
695 855 866 935 acquiratur
877 855 928 934 jus
941 854 979 916 ad
993 855 1147 918 exercenda

190 945 377 1026 spiritualia:
393 945 495 1008 liceret
515 949 617 1007 tumen
639 943 712 1005 dare
731 943 769 1004 ad
789 941 999 1006 redimendam
1019 943 1147 1022 injustam

190 1037 388 1116 vexationem,
401 1042 435 1098 ut
448 1053 556 1116 supra:
572 1033 611 1096 ita
625 1033 707 1110 Viva,
716 1038 773 1094 etc.
786 1031 918 1094 Secunda
927 1029 1083 1109 sententio,
1092 1051 1148 1112 qua

189 1123 206 1185 i
218 1125 249 1184 S.
262 1125 403 1206 Lignorio
417 1123 599 1206 probabilior
607 1122 727 1198 dicitur,
740 1119 869 1182 affirmat
880 1139 887 1180 :
899 1121 1030 1202 qniaJ'us
1039 1121 1148 1205 quiden
1203 1179 1204 1184 ,

189 1210 229 1272 ad
243 1211 424 1276 beneficium
438 1219 482 1275 est
495 1210 665 1293 spirituale,
681 1229 743 1271 non
758 1215 861 1272 autem
874 1210 1024 1290 possessio
1041 1227 1048 1268 :
1064 1210 1148 1271 sedin
1203 1221 1204 1228 ’

189 1297 248 1362 hoc
261 1302 390 1383 supponi
405 1301 494 1364 debet
507 1300 588 1382 qudd
606 1301 656 1379 jus
675 1298 714 1360 ad
737 1295 958 1379 possessionem
970 1297 1007 1359 sil
1019 1300 1148 1361 certem-
1203 1293 1204 1322 ¹

190 1388 351 1468 quisitun13
367 1409 453 1454 secus
467 1389 491 1452 si
506 1388 564 1452 hoc
575 1389 626 1468 jus
639 1389 670 1448 in
693 1386 822 1449 dubium
832 1383 1026 1468 probabiliter
1040 1405 1149 1450 revoca·

190 1481 283 1538 retur.
300 1479 331 1540 S.
347 1480 468 1560 liguor.
485 1477 547 1557 (lib.
562 1481 597 1554 3,
614 1485 647 1537 n⁰
661 1478 721 1553 99).

229 1569 319 1630 titt.
335 1568 373 1630 Si
381 1569 547 1650 posteritas,
562 1567 593 1628 id
610 1570 656 1629 est
668 1565 692 1627 si
705 1564 759 1645 jas
771 1561 880 1626 adrem
893 1565 1014 1627 lantiun
1027 1568 1094 1649 quIs
1105 1569 1150 1630 ha·

189 1654 277 1732 beat,
306 1673 368 1732 non
396 1657 464 1720 licet
498 1655 627 1738 pecunit
658 1653 847 1715 vexationem
871 1651 1001 1730 tollere,
1031 1673 1069 1718 ex
1092 1677 1148 1738 cap.

190 1743 365 1824 Mattheus,
383 1745 419 1810 de
431 1745 535 1808 simon.
553 1743 650 1805 :hinc
661 1739 789 1804 simonia
808 1747 886 1803 esset
907 1742 930 1802 si
949 1741 1090 1808 offerrem
1109 1767 1151 1828 pe

190 1834 311 1896 cuniam
326 1835 475 1918 Episcopo
488 1832 541 1917 qui
555 1831 665 1912 injuste
678 1829 771 1892 nollet
783 1847 833 1891 me
847 1837 1063 1911 praesentatum
1077 1836 1150 1898 insti-

189 1931 285 2002 tuere,
298 1924 344 1987 vel
359 1941 409 1987 ma
422 1923 550 2007 dignum
559 1921 687 2002 eligere,
700 1918 770 2002 quia
780 1923 854 1980 tunc
863 1936 917 2000 per
926 1923 1089 2002 pecuniam
1099 1943 1151 1986 non

189 2013 289 2076 solum
302 2031 474 2077 amoverem
487 2009 760 2094 impedimentum,
776 2005 932 2070 sedetiam
946 2025 1012 2072 rem
1026 2013 1152 2094 spiritua·

191 2102 251 2164 lem
267 2103 460 2183 adipiscerer.

229 2185 1151 2271 6t79.probabilitertamensimonianonessetdarepecunian
1202 2217 1203 2250 r

188 2298 228 2342 ne
242 2280 350 2362 aliquis
363 2280 525 2342 electorum
534 2277 563 2338 vi
572 2275 619 2338 vel
628 2274 732 2338 fraude
739 2275 813 2336 alios
819 2275 964 2339 electores
975 2291 1150 2362 corrumpat,

188 2375 218 2430 et
231 2369 274 2430 sie
285 2367 428 2450 impediat
439 2365 617 2429 electionem
631 2362 745 2440 dantis,
762 2363 825 2425 imd
837 2362 954 2426 etiamsi
967 2365 1027 2429 hoc
1040 2368 1150 2446 luceret,

188 2457 259 2520 solis
273 2457 413 2539 precibus
426 2459 478 2518 aut
487 2453 666 2516 muneribus
675 2450 788 2514 exodio
797 2451 949 2514 sinevivel
959 2453 1074 2520 fraude.
1088 2461 1151 2519 ilem

188 2565 250 2609 non
263 2556 340 2609 esset
353 2545 481 2609 simonia
495 2542 568 2606 (lare
582 2541 744 2625 pecuniam
757 2539 795 2603 ad
810 2540 1016 2605 redimendam
1031 2547 1151 2608 vexatio·

188 2653 260 2697 nem
271 2635 308 2696 ab
318 2633 538 2716 iisquitantirm
547 2630 798 2711 obessepossunt;
807 2630 923 2692 secussi
936 2634 1151 2714 possinloliessc

187 2729 217 2783 et
240 2723 328 2785 simul
349 2723 511 2803 prodesse,
524 2718 727 2797 instituendo,
743 2719 973 2800 praesentando,
988 2722 1035 2784 vel
1048 2723 1151 2786 confir-

188 2809 317 2887 mando,
333 2810 405 2892 quia
418 2811 461 2872 sic
470 2809 678 2890 pecunidtunc
691 2805 803 2869 directe
815 2813 998 2871 sterneretur
1007 2811 1054 2874 via
1064 2811 1100 2874 ad
1112 2811 1151 2872 be

189 2899 332 2961 noticiam
346 2896 554 2960 obtinendum.
567 2897 609 2974 (S.
625 2897 704 2977 lig,
716 2894 767 2956 lib.
784 2897 815 2972 3,
831 2899 945 2974 n0100,
963 2901 1018 2961 llll
1035 2905 1065 2962 et
1079 2901 1150 2974 lot.)

228 2991 317 3050 6180.
334 2985 455 3060 Quaerit.
473 2989 525 3046 110
536 2985 893 3066 Quaesintpoenaeconlra
905 2985 1150 3050 simoniamlatae?

227 3080 316 3158 Rcsp.
332 3075 436 3138 Varias
449 3091 515 3136 esse
529 3073 595 3134 illas
608 3091 664 3154 pro
676 3071 845 3135 diversitate
861 3073 1001 3138 simonie
1016 3095 1023 3138 :

228 3165 426 3242 Anteomnia,
437 3161 658 3226 observandum
667 3167 785 3224 estnon
800 3161 914 3224 incurri
929 3182 1034 3246 poenus
1043 3166 1148 3248 quoties

185 3255 383 3319 committitur
396 3252 532 3315 simoniae
545 3251 677 3327 crimen,
688 3249 741 3312 sed
754 3250 899 3314 duntaxat
908 3253 1074 3318 insimonit
1084 3251 1149 3316 reoli

186 3343 353 3424 contrajac
370 3341 504 3403 divinum
518 3358 586 3422 quae
602 3346 797 3421 perpetratur
820 3340 852 3401 in
873 3341 1013 3424 ingressu
1032 3345 1062 3406 in
1079 3341 1147 3404 ileli-

187 3431 327 3508 gicnem,
343 3431 374 3492 in
388 3429 546 3493 collatione
559 3433 588 3491 et
597 3427 787 3510 susceptione
800 3429 956 3508 ordinum,
967 3429 1148 3495 inbeneliciis
1201 3459 1202 3516 p

188 3517 410 3594 ecelesiasticis,
426 3517 472 3580 vel
487 3535 540 3598 per
553 3515 714 3578 simoniam
728 3517 972 3582 confidentialem
983 3539 992 3582 ε
1003 3521 1082 3584 unde
1095 3535 1147 3580 non
1201 3519 1202 3604 ᾖ

188 3601 383 3666 incurrantur
393 3604 461 3667 ullae
476 3623 573 3686 poenae
588 3621 643 3685 pro
656 3604 829 3668 venditione
838 3615 1092 3672 sacramentorum
1104 3608 1149 3668 eut

185 3689 402 3767 iurisdictionis
416 3693 588 3772 spiritualis.
605 3694 650 3768 (S.
666 3693 801 3774 Ligurum,
817 3694 871 3759 lib.
885 3699 926 3775 ³,
942 3711 976 3759 n·
990 3699 1069 3776 ΗΞ.)
