2452 3984
190 177 247 238 tlt
409 194 546 246 annnam
565 197 666 248 renus
686 200 768 248 runis
790 199 938 248 arnamar.

230 297 320 376 ltesp.
343 298 373 358 l⁰
397 297 427 359 Si
446 298 605 380 appellatio
625 301 715 364 fuerit
730 303 810 381 juste
830 302 1024 384 interposita,
1038 302 1169 382 interd

190 403 247 466 quo
260 383 349 446 debet
362 385 389 448 ei
402 385 529 463 deseram
542 390 622 468 juste
637 397 738 452 autern
752 390 928 472 interposita
944 393 1063 454 censeri
1076 391 1170 455 debet

191 473 216 534 si
239 491 328 535 causa
344 475 382 537 sit
403 476 484 553 talis,
506 495 575 558 quae
596 479 620 540 si
637 477 713 542 soret
725 472 865 562 probata,
889 479 1013 544 deberet
1032 480 1171 562 legitima

191 563 324 644 reputari
334 565 411 646 (cap.
432 564 474 629 tlt
486 565 600 630 dadino
612 572 663 646 59,
678 567 713 632 de
726 567 903 650 Appellat).

232 651 338 715 ludica
351 652 433 736 cipro
442 655 633 737 appellationi
647 676 709 720 non
719 657 888 737 deferente,
903 658 1075 741 appellans,
1091 661 1118 724 ai
1132 679 1171 725 ex

189 741 270 822 jusit
283 745 374 806 causa
387 743 532 825 appellet,
549 752 648 828 potest
669 747 867 810 nihilominus
881 746 1016 827 judicem
1029 747 1071 810 ad
1081 769 1170 832 quem

193 829 276 894 adire
300 837 330 894 et
352 831 584 914 appellationem
604 835 756 918 prosequi.
776 837 820 898 Ex
843 853 960 898 canone
980 843 1084 900 antem
1109 839 1170 900 De·

193 928 271 982 creto
285 923 334 999 ll,
358 940 448 984 causa
461 928 501 1000 ἓ,
525 941 556 1006 q.
580 929 610 1001 6,
625 924 724 988 ludex
744 925 796 1006 qui
819 943 882 986 non
904 923 1012 987 detulit
1033 925 1172 1006 appella-

193 1009 267 1070 tioni
281 1007 397 1088 (saltem
409 1009 434 1072 si
448 1011 485 1073 ad
500 1013 612 1095 Papam
627 1013 702 1078 iacta
716 1012 817 1093 luerit)
830 1012 1031 1094 deponendus
1043 1020 1108 1092 est,
1123 1017 1172 1078 vel

195 1097 349 1160 arbitraria
362 1102 453 1180 poena
466 1101 566 1182 puniri
580 1107 678 1183 potest
690 1121 744 1184 per
758 1103 951 1184 Superiorem
965 1100 1003 1165 ad
1016 1120 1112 1184 quern
1126 1113 1173 1166 est

195 1187 394 1250 remittendus
407 1189 485 1269 (cap.
501 1189 546 1252 De
554 1191 656 1273 priori
668 1195 703 1254 3l
719 1239 727 1269 ‚
742 1189 777 1253 de
790 1189 968 1274 Appellat).
988 1191 1053 1254 Hoc
1066 1196 1173 1256 tamen

196 1277 260 1337 fieri
280 1275 369 1341 debet
382 1281 473 1341 causa
485 1277 631 1366 duntaxat
644 1281 728 1342 finita
744 1300 752 1341 ε
768 1279 890 1342 sienim
909 1279 1065 1364 appellans
1078 1287 1174 1344 cansa

195 1365 329 1446 caderet,
338 1387 374 1431 ex
385 1367 466 1430 exitu
479 1367 578 1451 colligi
592 1377 691 1452 posset
705 1369 839 1450 judicem
852 1369 935 1451 cipro
945 1369 1172 1452 iusteappella·

197 1456 270 1518 tioni
287 1476 347 1520 non
362 1455 514 1520 detulisse.

237 1549 326 1609 saal.
349 1549 416 1608 Non
436 1546 525 1610 debet
546 1549 616 1611 verd
627 1547 752 1629 judexd
770 1565 827 1630 quo
846 1547 962 1612 deterre
976 1547 1174 1630 appellationi

198 1654 266 1716 quae
280 1635 355 1698 soret
368 1638 384 1698 t
394 1635 462 1716 jure
472 1637 635 1718 prohibita,
645 1638 691 1700 vel
701 1635 882 1718 quaefrivola
895 1636 1175 1700 etlrustratoriein·

199 1731 406 1806 terponeretur
417 1727 495 1807 (cap.
511 1731 546 1802 5,
558 1727 601 1788 Dr
614 1725 782 1809 Appellat,
793 1725 826 1787 in
840 1727 900 1804 6⁰);
914 1724 1073 1807 sedpotest
1086 1732 1172 1804 tune,

199 1831 260 1875 non
280 1813 416 1877 obstante
430 1813 644 1897 appellatione,
660 1833 747 1877 snam
764 1815 944 1876 sententiam
957 1815 1085 1897 exequi:
1101 1834 1175 1878 con-

199 1903 423 1968 tradicitautem
434 1904 576 1967 Stremler
587 1905 655 1982 (Des
669 1905 773 1966 Prinas
782 1902 892 1981 arctas,
905 1923 936 1986 p.
948 1905 1028 1986 380),
1040 1903 1078 1966 ed
1089 1904 1175 1987 quod

196 1993 321 2073 judexd
340 2013 397 2076 quo
411 2001 481 2075 post
493 1994 672 2057 sententiam
694 1991 881 2056 definitivam
895 1991 1108 2072 jurisdictione
1127 2011 1175 2058 ‹a-

200 2091 279 2162 reat;
307 2085 359 2146 sed
381 2083 420 2146 de
441 2083 500 2145 hoc
521 2083 588 2145 vide
609 2098 699 2165 supra
721 2085 928 2160 (caol-5966).
954 2081 1050 2144 Debet
1068 2089 1173 2146 tamen

200 2175 290 2236 etiam
305 2173 508 2248 inhaesero,
524 2171 674 2252 apostolos
683 2171 864 2249 concedere,
881 2171 912 2232 in
927 2170 1173 2253 quibusdicatse

200 2261 468 2342 appellationinon
490 2258 642 2323 detulisse.
669 2260 742 2323 Vide
766 2261 862 2323 Bouix
882 2259 981 2338 (itia,
1004 2280 1035 2342 p.
1060 2263 1121 2324 285
1144 2269 1174 2323 et

201 2351 281 2424 286).
298 2385 336 2396 —
353 2348 383 2410 Si
398 2349 578 2432 appellatum
599 2348 638 2410 sit
650 2349 689 2413 ab
707 2349 931 2412 interlocutoria
948 2367 1002 2412 seu
1024 2351 1043 2410 a
1066 2369 1173 2432 grava·

201 2441 301 2518 mine,
315 2437 406 2520 judex
420 2440 438 2502 ἀ
451 2457 508 2522 pao
522 2444 619 2520 potest
630 2457 662 2501 se
675 2445 851 2509 retractare,
867 2440 958 2501 citare
969 2438 1174 2520 appellantem

202 2530 240 2593 ad
253 2530 331 2592 hanc
344 2528 583 2591 retractationem
595 2527 776 2591 audiendam
789 2575 796 2604 ,
808 2534 838 2590 et
850 2535 955 2590 contra
968 2528 1056 2590 illum
1071 2547 1175 2610 proce

202 2620 274 2689 dere
288 2619 311 2681 si
327 2637 387 2680 nnn
403 2623 585 2699 compareat.
604 2617 788 2680 Generaliter
801 2615 900 2678 adhuc
914 2623 1009 2699 potest
1023 2617 1174 2701 quidquid

204 2715 326 2769 nonest
345 2707 375 2768 in
396 2705 605 2789 praeJudicium
624 2704 841 2790 appellationis.
864 2705 1040 2787 Bouixltb„
1063 2727 1096 2789 p.
1117 2711 1173 2770 288

203 2803 233 2860 et
246 2799 334 2874 289);
351 2796 493 2857 Stremler
507 2795 575 2870 (Dra
589 2796 692 2858 Peiora
705 2795 818 2872 coclea,
829 2802 899 2867 etc„
914 2813 945 2876 p.
957 2798 1038 2872 376).

244 2889 332 2949 5992.
349 2920 389 2931 —
402 2891 434 2946 2⁰
447 2883 544 2948 ludex
558 2884 598 2946 od
615 2904 700 2967 quem
717 2901 900 2965 cognoscere
912 2883 1016 2966 nequit
1030 2883 1070 2946 de
1083 2885 1171 2948 causa

204 2975 360 3059 principali
374 2979 536 3056 antequam
548 2973 785 3055 pronuntiaverit
797 2973 876 3036 eirca
890 2973 1110 3054 legitimitatem
1124 2992 1171 3055 ap·

205 3065 383 3149 pellationia
405 3099 444 3110 —
469 3063 499 3124 Si
520 3061 757 3145 pronuntiaverit
777 3061 856 3124 bene
885 3061 1089 3144 appellatum,
1114 3068 1171 3122 tota

205 3173 295 3220 eausa
309 3154 367 3217 boc
379 3154 444 3237 ipso
457 3151 513 3234 ipsi
532 3151 693 3231 Judinanda
706 3150 885 3230 devolvitur,
903 3150 1019 3214 etiarnsi
1032 3151 1073 3212 ab
1085 3150 1170 3212 inter·

206 3244 351 3308 locutoria
366 3243 482 3305 tantirm
500 3241 589 3303 luerit
602 3240 796 3322 appellatum.
815 3240 952 3302 lnstituet
968 3247 1041 3322 'ergo
1055 3257 1168 3321 proces

206 3355 273 3397 sum
288 3333 326 3395 de
340 3335 402 3396 tota
414 3332 522 3408 causa,
538 3347 666 3411 eamque
680 3328 851 3391 terminabit
864 3345 919 3411 per
931 3328 1110 3391 sententiam
1123 3327 1168 3389 dc-

207 3424 351 3484 finitivam
376 3439 468 3503 quam
491 3420 581 3481 etiam
601 3417 768 3480 executioni
791 3414 947 3480 mandabit
968 3415 1025 3480 nisi
1046 3417 1084 3479 ab
1108 3416 1166 3499 ipsa

208 3511 384 3590 appelletur.
399 3508 485 3587 (Vide
498 3505 651 3581 Stremler,
667 3505 723 3566 Dra
735 3505 859 3584 Petraea,
874 3510 945 3580 etc,
960 3525 991 3587 p.
1007 3509 1086 3584 378).

250 3596 281 3656 Si
294 3594 531 3677 pronuntiaverit
543 3592 621 3656 bene
633 3593 801 3673 judicatum
810 3592 922 3658 etmall
933 3591 1126 3676 appellatura,
1139 3595 1165 3653 et
