2452 3984
362 227 448 274 arara
469 227 626 274 srcounus.
915 203 974 267 ²15

31 331 96 404 (lit,
109 325 138 386 ia
150 324 235 402 notd,·
245 326 332 404 idid,
344 326 447 406 lilio);
463 329 494 387 at
509 321 664 400 Strcmler,
681 320 739 384 Dra
752 319 852 404 pedam
864 317 975 396 eccles„

59 506 132 565 ollii.
149 506 191 566 De
207 501 384 568 criminibus
401 499 609 566 ecclesiasticis
624 499 706 564 solus
718 497 811 578 judex
824 499 976 563 ecclesias-

31 589 188 654 demetiam
210 595 316 655 contra
337 589 431 656 laicos
450 589 605 671 cognoscit
623 595 653 652 et
671 587 803 669 judicat,
827 588 977 670 siquidem

31 679 151 756 judiciam
165 687 209 744 est
227 679 266 744 da
285 697 319 744 re
336 679 493 763 spirituali;
514 677 643 740 crimina
660 677 756 740 civilia
772 676 864 757 iudex
883 677 976 744 laicus

32 768 160 849 cognoscit
179 787 188 830 ε
211 768 341 832 crimina
359 773 462 832 autem
481 767 575 830 mixta
594 773 723 848 uterque
737 764 830 846 iudex
848 783 976 848 cognos-

33 855 73 932 cit,
82 857 184 920 sensu
193 857 261 941 lege
269 857 501 940 praeventionis:
517 863 649 920 attamen
664 855 767 918 omnia
777 855 905 918 crimina
918 857 978 920 sive

34 939 150 1008 uicorum
163 947 224 1009 sire
238 947 418 1010 clericorum
454 965 487 1008 ro
504 945 570 1009 loro
582 944 701 1008 interno
710 949 740 1007 et
751 945 978 1024 sacramentali,

34 1031 79 1094 ind
86 1033 240 1116 aliquando
253 1035 345 1099 etiam
358 1053 414 1119 pro
423 965 488 1099 lgm
501 1041 647 1111 externo,
663 1032 702 1096 ad
715 1033 880 1096 Ecclesiam
894 1051 978 1114 spec-

34 1127 87 1196 tant
97 1121 157 1186 ride
166 1123 246 1187 dicta
258 1141 351 1206 supra
360 1127 460 1202 (5530,
470 1130 541 1202 etc,
553 1121 660 1203 5536).
671 1121 758 1186 Unde
771 1121 810 1184 de
821 1121 979 1203 praecipuis

32 1227 116 1272 eorum
128 1211 390 1276 indiscriminatim
403 1212 541 1276 dicemus
556 1213 587 1274 in
601 1211 749 1294 capitibus
758 1211 955 1292 sequentibus
969 1230 977 1270 :

33 1315 120 1380 nempe
135 1304 165 1363 l⁰
180 1301 219 1364 de
237 1300 355 1363 delictis
375 1307 480 1365 contra
497 1301 589 1365 iidem
609 1306 640 1363 et
658 1301 804 1362 unitatem
826 1299 978 1373 Ecclesiam

32 1386 213 1453 adelelinus
226 1391 481 1454 contrariatulem
492 1389 661 1473 religionis3
676 1393 708 1454 3⁰
717 1389 755 1452 dc
764 1387 882 1454 delictis
894 1407 981 1455 vene-

32 1476 78 1536 reis
88 1497 95 1550 ;
107 1484 138 1540 t·
149 1479 187 1542 de
197 1479 317 1543 delictis
329 1487 434 1544 contra
445 1479 604 1561 iustitiam.

387 1721 536 1792 CAPUT
558 1724 589 1794 Ι.

53 1875 88 1930 rr
106 1882 247 1934 omrcrrs
270 1881 395 1935 conrnr
417 1883 518 1936 arona
542 1884 582 1934 nr
604 1885 769 1936 urrrrrnn
788 1887 960 1938 ncctnsrn.

55 2015 138 2160 hildi.
160 2015 344 2098 Huiusmodi
378 2015 487 2081 delicta
513 2021 585 2079 sunt
610 2017 778 2098 apostasia,
808 2015 926 2079 lroeresa'r
953 2020 984 2078 ct

32 2115 55 2158 it'
72 2121 143 2167 ilina.

431 2203 513 2270 tul.
537 2203 559 2269 l.

382 2336 423 2388 ur
441 2335 611 2385 arosrrsu.

62 2464 130 2528 slus
149 2467 305 2551 apostasia
325 2473 371 2532 est
390 2466 519 2532 delectio
540 2470 559 2531 a
580 2469 659 2548 Deo,
682 2473 831 2551 quatenus
849 2471 896 2534 vel
909 2471 984 2534 tides

32 2545 189 2634 christiana,
210 2555 256 2619 vel
275 2561 368 2621 status
386 2554 562 2639 religiosus,
581 2557 627 2620 vel
647 2557 723 2622 urdo
743 2575 826 2621 sacer
846 2565 987 2640 receptus

33 2635 170 2736 descritur.
185 2645 308 2728 'iliplex
320 2663 393 2729 ergo
406 2651 452 2709 est
460 2645 625 2729 apostasia,
639 2646 658 2709 d
671 2645 729 2730 fide
738 2646 864 2728 scilicet,
873 2649 891 2710 a
900 2647 984 2712 Reli·

33 2743 158 2804 poneseu
170 2742 253 2797 statu
264 2734 409 2818 religioso,
425 2741 456 2798 et
468 2737 486 2798 a
499 2753 581 2798 scaro
593 2735 705 2798 ordine.

63 2821 142 2884 6106.
156 2857 193 2870 -
210 2827 241 2885 l·
255 2825 442 2906 Aposusiaa
462 2823 522 2888 lide
541 2831 587 2888 est
605 2825 704 2889 totalis
723 2826 865 2892 discessio
886 2829 904 2890 a
924 2829 985 2894 lida

34 2903 176 2975 alnisriana
192 2931 200 2972 :
216 2911 282 2975 lieri
295 2917 394 2995 polest
406 2911 453 2977 vel
472 2914 511 2977 ad
521 2915 767 2998 amplectendum
777 2917 982 2998 judaismum,

35 2993 70 3054 rel
91 3001 316 3082 paganismum,
337 3001 385 3065 vel
402 3001 690 3085 mahumetismum,
708 3005 755 3068 vel
778 3007 868 3070 eliam
890 3008 984 3088 (nullu

35 3080 147 3178 tumissa
168 3089 243 3153 laist
264 3091 429 3176 religione)
452 3091 490 3155 ad
508 3092 688 3158 atheismum
706 3095 911 3178 profitendum
933 3103 983 3161 aul

35 3185 60 3230 m
72 3172 264 3242 indifferentia
276 3181 377 3244 omnis
391 3179 545 3263 religionis
559 3185 799 3264 permanendum

65 3263 146 3328 tlul.
162 3267 208 3329 Ab
216 3267 322 3332 haeresi
335 3267 484 3352 discrepat
490 3273 637 3353 apostasia
646 3273 728 3356 qudd
736 3273 858 3338 haeresis
872 3291 934 3336 non
947 3291 984 3337 ex

35 3347 100 3428 ¹010,
114 3354 166 3417 sed
179 3373 215 3419 ex
229 3363 313 3438 parte
326 3358 470 3422 duntaxat
484 3359 515 3421 in
529 3379 592 3423 uno
604 3370 657 3424 aut
669 3363 805 3445 pluribus
826 3361 959 3424 articulis
975 3409 982 3438 ‚

31 3443 163 3512 apostasia
177 3453 278 3510 autem
297 3447 427 3511 totaliter
443 3447 609 3513 abhorretis
623 3451 702 3518 lide:
719 3450 865 3531 undequi
884 3452 984 3515 avers

36 3529 164 3609 religione
173 3534 210 3597 ad
224 3535 475 3618 aliquamsectam
485 3536 669 3619 hereticam,
685 3546 774 3621 prout
783 3539 981 3621 lutlremnam,

38 3617 209 3696 iudicaram
226 3629 403 3700 uanseunt,
419 3626 542 3694 nonnisi
556 3627 718 3710 improprio
740 3633 881 3708 apostata
903 3649 981 3694 nnn·
