2452 3984
410 250 494 296 aranu
515 250 645 295 rannus.
954 233 1013 294 ata

51 347 222 428 generaliter
235 346 376 410 statuitur
390 365 450 408 non
468 363 555 428 posse
569 345 715 427 parochos
736 344 775 408 ad
788 345 1011 409 matrimonium

49 438 276 518 cujuscumque,
286 435 376 498 etiam
386 433 881 515 dioeeesanorumproeedere,nisi
892 435 1011 516 priirsin

49 526 130 588 Curia
142 524 315 608 Episeepeii
327 523 456 604 iuridicb
470 522 593 605 probata
603 521 692 586 tuerit
705 521 825 586 libertas
838 523 1013 586 contrahen-

49 613 271 677 tiumdramen
280 611 507 676 tementestium
516 617 612 694 potest
619 611 657 674 ab
664 610 1012 690 Ordinariodemandari,

50 703 129 785 alicui
141 703 209 766 viro
222 702 345 780 idoneo,
360 701 413 765 sed
423 706 495 764 tune
506 699 707 782 depositiones
716 697 754 762 ad
763 699 884 762 Curiam
897 701 1013 782 episeo-

51 792 139 872 palem
154 790 414 870 summittenda,
429 791 446 852 b
460 789 520 872 qua
541 789 674 870 expediri
688 806 808 870 semper
821 785 910 851 debet
923 791 1014 852 statbs

50 880 126 943 tiberi
154 880 316 944 attestatio.
344 881 454 944 Forma
474 884 574 942 autem
598 877 728 940 faciendi
751 875 897 940 examinis
918 877 949 939 in
972 877 1014 941 in·

51 971 212 1032 structione
225 969 399 1052 praeseripta
412 969 449 1031 ad
463 985 598 1048 unguem
609 963 754 1028 servanda
761 963 974 1045 praescribitur.

85 1063 174 1122 6098.
200 1059 260 1120 Pro
273 1057 471 1120 matrimoniis
484 1074 556 1119 eum
570 1055 680 1117 exteris
692 1053 915 1128 contrahendis,
932 1073 1017 1134 paro·

50 1145 92 1208 ehi
105 1146 263 1230 prohiberi
277 1145 389 1212 debent
399 1146 437 1208 ab
450 1143 616 1208 Ordinariis
630 1162 668 1205 ne
677 1142 895 1224 publicationes
907 1143 1015 1206 faciant

50 1244 111 1298 ante
124 1241 283 1316 receptam
297 1237 315 1298 b
329 1235 417 1298 Curia
426 1232 588 1316 episcopati
600 1232 818 1294 attestationem
832 1230 870 1294 da
882 1232 1015 1296 libertate

50 1327 137 1388 status
163 1324 253 1408 (Vide
278 1341 369 1406 supra
398 1326 589 1401 1382-1383).
613 1320 737 1384 Videtur
758 1337 830 1402 ergo
856 1321 938 1404 qudd
961 1341 1014 1404 pro

49 1412 241 1491 diecesanis,
256 1411 377 1494 parochi
390 1419 460 1474 ante
473 1411 583 1476 dietam
593 1409 812 1473 attestationem
827 1417 951 1491 possunt
964 1430 1015 1493 pu-

50 1501 223 1566 blicationes
232 1501 340 1564 faeere.

86 1591 160 1673 Vagi
177 1589 319 1653 exhibere
330 1589 574 1654 dehentsuorum
583 1587 1015 1652 Ordinariommattestationes

50 1679 85 1741 de
107 1685 187 1742 statu
208 1678 303 1742 iibere
315 1726 323 1756 ,
337 1685 366 1740 et
385 1675 699 1762 insuperservandum
713 1680 758 1737 est
772 1676 930 1738 Decretum
950 1678 1014 1740 Tri·

51 1767 130 1830 dent.
145 1785 238 1850 supra
250 1767 383 1830 citatum.

88 1857 117 1919 Si
128 1875 227 1937 neque
237 1875 290 1939 per
305 1855 523 1918 attestationem
533 1871 658 1917 suorum
667 1853 905 1931 ordinariorum,
916 1872 1014 1935 neque

53 1961 103 2025 per
118 1951 222 2023 testes,
239 1945 303 2026 vagi
318 1962 407 2007 suum
422 1949 531 2006 statum
542 1959 606 2005 esse
613 1941 742 2004 liberum
752 1941 879 2022 probare
887 1941 1014 2023 valeant,

52 2035 160 2097 recurri
179 2033 254 2096 solet
267 2033 305 2096 ad
319 2035 350 2095 S.
369 2035 478 2116 Gongr.
494 2031 609 2113 inquis.
633 2047 702 2112 quae
717 2028 882 2110 praeseribit
895 2031 968 2111 quid
979 2034 1017 2094 sit

52 2129 122 2186 tuno
137 2121 326 2186 servandum.
342 2122 470 2200 (Bouix,
486 2119 540 2198 ib.)

88 2213 176 2275 6099.
199 2211 308 2293 Vigere
326 2210 425 2274 adhue
438 2206 596 2273 censendas
614 2211 685 2272 sunt
698 2204 827 2289 praetatae
847 2205 1016 2288 dispositio-

52 2302 194 2362 nesciam
215 2299 328 2363 fuerint
348 2305 496 2363 renovatae
519 2304 549 2360 et
572 2295 796 2360 confirmatura
819 2297 850 2359 S.
871 2295 1015 2362 Pontifiee

51 2391 148 2452 Leone
157 2391 225 2468 th,
241 2387 294 2452 sed
301 2389 382 2471 apud
392 2405 448 2452 nos
458 2404 519 2449 non
529 2386 725 2448 observantur
735 2385 901 2468 praesertim
915 2387 1015 2466 quoad

51 2477 250 2554 dioecesanos,
266 2496 323 2540 nee
335 2476 412 2540 forte
423 2481 494 2539 sunt
506 2474 587 2556 apud
597 2493 653 2536 nes
666 2472 754 2535 hodie
768 2475 830 2535 tam
839 2475 1014 2537 necessaria

52 2568 140 2645 qu‘am
155 2573 241 2628 erant
253 2565 338 2642 olim,
351 2567 388 2629 ed
400 2565 481 2647 qudd
495 2562 636 2626 officiales
645 2561 757 2636 civiles,
776 2561 814 2622 ad
826 2566 1014 2626 contractum

52 2654 164 2715 uirilem
182 2673 245 2716 nun
259 2653 415 2716 admittant
429 2651 485 2714 nisi
500 2652 585 2734 prius
598 2648 765 2712 eonstiterit
778 2649 816 2710 de
829 2655 906 2711 statu
921 2649 1014 2716 libero

52 2742 300 2806 contrahentium.
317 2743 393 2806 Chm
410 2747 512 2804 tamen
527 2739 629 2804 omnia
643 2736 857 2820 impedimenta
870 2741 1013 2803 canoniea

53 2831 71 2891 'a
92 2831 153 2913 tege
165 2831 242 2896 civiti
257 2848 319 2895 uon
337 2829 549 2906 admittantur,
565 2827 675 2891 utiliter
691 2825 796 2889 saltam
815 2827 904 2890 etiam
924 2827 1013 2894 hodia

55 2919 130 2998 apud
148 2939 203 2984 nos
215 2919 443 2982 observarentur
458 2915 630 2997 huiusmodi
643 2914 871 2998 dispositiones:
884 2916 1014 3001 sedquo

58 3007 130 3070 niam
139 3007 384 3090 illudaparochis
398 3025 459 3070 non
472 3005 621 3088 dependet
634 3004 686 3068 sed
700 3004 738 3067 ab
750 3005 919 3089 Episcopis.
935 3005 1015 3070 suffi-

58 3111 120 3157 cere
131 3098 247 3160 videtur
257 3103 289 3158 ut
303 3094 424 3179 parochi
438 3095 600 3177 inquirant,
613 3094 643 3156 in
656 3097 803 3175 quantum
816 3101 961 3176 possunt,
975 3094 1013 3157 de

57 3181 181 3250 libertate
190 3185 440 3258 contrahentium,
457 3191 526 3246 etse
535 3181 656 3244 aliunde
669 3183 785 3244 statutis
795 3180 971 3244 dioecesanis
984 3187 1014 3242 et

58 3274 432 3337 rnandatisOrdinariarum
444 3292 476 3334 se
490 3270 688 3334 conforment.
700 3270 803 3342 Quoad
813 3287 903 3351 vagos
912 3275 1012 3331 tamen

59 3375 207 3442 nunquam
220 3361 258 3425 ad
272 3362 498 3424 matrimonium
508 3360 642 3442 ipsorum
651 3358 831 3441 precedant,
843 3374 904 3418 non
914 3357 1011 3420 solhm

59 3456 210 3530 antequam
222 3451 294 3532 ipsis
308 3450 475 3513 eonstiterit
487 3448 525 3510 de
542 3448 675 3510 libertate
688 3448 836 3530 partium,
852 3443 904 3508 sed
922 3445 1011 3510 etiam

60 3543 211 3619 antequam
221 3546 317 3612 totum
332 3538 483 3620 negotium
499 3535 653 3599 retulerint
670 3533 707 3596 ad
723 3537 877 3614 proprium
891 3533 1013 3597 Ordina-

63 3623 151 3703 rium,
166 3626 314 3715 abeoquo
328 3627 476 3689 boantium
491 3625 615 3688 ulterius
628 3619 808 3692 procedendi
817 3621 1010 3702 obtinuerint,
