2452 3984
692 168 790 199 ff„
806 175 812 180 .

408 241 493 290 anan
513 241 645 288 manos.
965 223 1022 284 lli

45 362 59 397 ι
83 339 198 421 quibus
212 339 369 404 evidenter
383 346 524 424 appareat
536 340 575 404 de
589 338 779 421 gravamine,
795 337 955 424 appellatio
970 339 1021 400 ad-

44 451 61 488 r
85 428 240 506 mittatur,
256 437 308 493 aut
322 431 461 492 inhibitio
473 428 519 492 vel
533 429 663 512 provisio
680 427 782 511 aliqua
794 428 986 492 coucedatur.
1003 449 1019 488 a

47 516 123 580 Vide
138 517 286 581 Stremler
300 519 367 598 (ia,
382 539 413 602 p.
429 519 499 599 tto)
515 537 524 580 t

85 610 178 670 5987.
194 607 251 680 Oui
265 607 347 670 addit
358 607 441 690 qudd
454 607 609 690 appellans
619 607 728 672 debeat
741 612 921 690 prasentare
929 600 1023 686 judici

45 694 86 758 ed
97 714 185 776 quem
198 697 353 780 exemplar
366 696 572 762 authenticum
582 698 721 762 omnium
730 703 853 760 actuum
865 695 1023 758 tribunalis

4 788 6 792 ’
48 785 156 866 primae
170 783 320 849 instantia
332 806 340 846 :
351 787 477 870 quinam
489 787 560 850 verd
571 785 682 850 sintilli
692 791 778 850 actus
787 783 912 868 intelligi
926 789 1026 868 potest

47 890 85 934 ex
98 891 167 955 cap.
186 873 330 950 Quoniam
345 877 392 947 ll,
409 873 445 938 de
459 874 695 939 Probotr'onidns.

87 965 181 1026 5988.
204 964 327 1034 Quaerit.
343 967 377 1027 5·
390 959 468 1037 Ouid
482 964 540 1026 sint
554 961 678 1026 iataliai

88 1052 181 1134 Resp.
207 1052 329 1114 Fetotio
351 1058 422 1116 sunt
450 1059 586 1136 tempora
609 1053 721 1136 quibua
744 1053 903 1118 transactis
926 1051 1027 1135 appel·

48 1139 120 1202 latio
136 1140 184 1203 vel
199 1159 262 1204 non
278 1142 467 1221 conceditur,
482 1143 528 1206 vel
542 1159 704 1220 concessa,
719 1144 844 1224 aut-jam
856 1141 1027 1205 introducta

49 1229 247 1310 extinguitur,
263 1236 292 1292 et
301 1229 386 1312 quasi
402 1231 563 1308 emoritur:
573 1230 644 1295 sunt
657 1234 728 1295 verd
741 1239 882 1314 quatuor,
892 1249 1002 1314 nempe
1015 1249 1023 1291 ε

51 1322 81 1380 l·
99 1319 311 1401 appellationis
328 1319 569 1402 interponendae3
593 1325 625 1384 2⁰
645 1321 767 1404 petendi
788 1327 819 1383 et
837 1319 1023 1384 concedendi

48 1406 222 1488 apostolos;
244 1411 276 1470 3ο
299 1408 506 1490 appellationis
529 1409 770 1490 introducendae,
797 1427 852 1473 seu
874 1409 1026 1492 apostolos

46 1495 142 1574 iudici
157 1496 199 1558 ad
208 1515 293 1578 quem
303 1497 519 1578 praesentandi;
533 1503 565 1559 l⁰
576 1499 783 1580 appellationis
793 1497 1023 1581 prosequendae.

50 1587 92 1646 lie
102 1589 132 1646 9·
143 1591 175 1647 et
183 1589 215 1648 3·
230 1585 470 1667 speciciatalium
480 1585 572 1648 modo
585 1587 716 1649 diximus
726 1589 814 1668 [5984
825 1593 855 1650 et
866 1590 970 1666 5985);
987 1586 1025 1651 de

49 1679 81 1736 t*
96 1673 232 1738 diximus
244 1693 337 1757 supra
350 1673 431 1754 (999)
443 1695 451 1736 :
462 1682 597 1758 superest
605 1676 696 1758 igitur
704 1684 739 1740 ut
747 1695 830 1739 nunc
838 1676 974 1741 dicamus
987 1676 1025 1740 de

54 1767 84 1824 l·
98 1763 212 1844 specie.

40 1863 43 1871 “
91 1855 182 1916 5989.
198 1887 238 1899 -
249 1856 281 1916 l·
293 1855 406 1918 Decem
419 1853 485 1917 dies
498 1853 706 1918 conceduntur
719 1855 807 1917 hodie
819 1854 857 1916 ad
870 1853 1025 1937 appellari·

51 1941 142 2020 dum,
158 1942 221 2005 sive
241 1941 279 2006 de
296 1941 413 2006 actibus
430 1943 623 2023 judicialibus
642 1951 747 2025 agatur
762 1944 822 2006 sive
840 1942 878 2005 de
898 1944 1023 2022 extraju·

49 2031 267 2111 dicialibusiita
276 2048 344 2115 cap.
356 2031 439 2110 Quod
448 2031 489 2095 ad
494 2031 748 2110 consultationem,
759 2031 794 2093 de
802 2031 945 2093 sententiat
956 2040 985 2092 et
993 2049 1023 2091 re
1066 2049 1068 2056 ·

46 2119 207 2200 judicata
219 2127 249 2184 et
266 2140 334 2204 eep.
358 2120 576 2184 Corzrertationi
589 2124 623 2198 8,
640 2121 674 2184 de
689 2119 855 2203 Appellat,
871 2120 903 2181 in
916 2123 969 2200 6⁰).
987 2155 1026 2173 -

48 2209 165 2290 Excipe
179 2209 204 2270 si
227 2227 390 2291 gravamen
406 2210 530 2274 haberet
548 2217 677 2274 tractum
697 2209 917 2290 successivum,
937 2211 981 2274 vel
1001 2211 1026 2277 si
1052 2279 1055 2288 ,

47 2297 254 2379 appellaretur
267 2301 283 2362 a
296 2299 469 2381 gravamine
484 2299 652 2364 inserendo.
669 2299 805 2363 Praedicti
819 2298 885 2362 dies
897 2317 1024 2383 compu-

46 2387 133 2448 tandi
149 2393 220 2448 sunt
230 2389 246 2450 a
257 2395 412 2452 momento
421 2390 577 2454 sententia
587 2390 611 2451 si
622 2407 755 2472 praesens
764 2389 854 2452 inerit
862 2389 911 2452 ille
921 2397 1026 2452 contra

47 2494 143 2556 quem
159 2474 253 2539 iertur
266 2477 431 2554 sententia;
448 2479 494 2540 sin
508 2479 580 2542 verd
594 2479 703 2542 absens
716 2477 823 2556 luerit,
838 2479 857 2540 a
871 2486 1025 2541 momento

48 2565 235 2645 cognitionis
255 2565 333 2630 illius
350 2565 517 2630 sententia.
539 2569 583 2630 lta
605 2566 808 2630 communiter
829 2583 867 2628 ex
887 2583 953 2648 cap.
979 2566 1029 2630 Ad

47 2653 292 2716 consultationem
306 2657 355 2732 15,
370 2653 406 2716 de
415 2663 539 2720 sentent.
553 2664 584 2718 et
603 2674 637 2719 re
648 2653 807 2738 judicat&
819 2658 852 2718 ei
863 2672 931 2738 cap.
948 2651 1026 2720 Con·

49 2741 213 2803 certationi
226 2743 412 2817 supracitata

92 2817 1028 2892 Pratatnmdecendiumcurritdemomentoadmomentum:

52 2907 125 2971 hinc
140 2909 167 2972 si
190 2909 338 2971 sententia
361 2908 419 2971 lata
434 2909 472 2973 sit
484 2909 534 2974 die
553 2916 584 2972 l·
598 2910 726 2986 mensis,
742 2911 816 2976 hort
831 2917 912 2980 nond
929 2923 1029 2984 matu·

55 2999 131 3077 tint,
147 2997 255 3077 poterit
269 2996 414 3079 appellari
429 2997 479 3062 die
493 2999 657 3064 undecimt
670 2999 865 3084 subsequenti
878 3021 977 3088 usque
991 3009 1028 3068 ad

56 3086 163 3148 liorem
178 3103 305 3148 nonam.
337 3115 341 3122 ¹

90 3180 122 3242 Si
137 3180 353 3262 appellandum
364 3185 427 3246 sita
438 3187 610 3266 gravamine
624 3189 838 3270 eximiudiciali
846 3192 910 3270 jam
928 3191 1022 3270 illato,

48 3267 234 3332 decendium
248 3272 342 3333 currit
355 3273 372 3334 a
385 3271 433 3336 die
444 3293 505 3356 quo
515 3281 653 3356 gravatus
665 3276 704 3341 de
719 3277 769 3342 illo
783 3279 955 3361 gravamine
968 3279 1024 3342 sibi

45 3357 134 3418 illato
149 3358 285 3420 notitiam
299 3359 414 3424 habuit.
438 3363 481 3424 lta
503 3363 767 3448 Schmalzgrucber
791 3366 886 3449 (apud
906 3367 1022 3446 Bouix,

52 3444 95 3505 De
105 3443 221 3524 todia,
237 3453 311 3509 torn.
323 3453 353 3524 9,
363 3469 394 3530 ρ.
409 3455 467 3514 989
482 3455 586 3530 erasa,
596 3454 721 3517 ubivide
733 3456 789 3518 alia
804 3476 834 3536 p.
852 3459 923 3535 983,
939 3461 1021 3538 etc).

91 3537 183 3596 5999.
207 3537 329 3606 Quaerit.
345 3542 376 3600 6ο
391 3539 480 3616 Quid,
496 3543 776 3624 postinterpositam
791 3544 1021 3625 appellationem

51 3640 143 3702 egere
156 3622 286 3692 debant
299 3628 361 3688 mm
370 3629 465 3698 judex
477 3631 495 3692 ἀ
507 3650 564 3704 auo
577 3633 669 3708 qu'am
681 3630 773 3709 judex
787 3632 828 3694 ed
839 3633 951 3712 quern?
