2462 3984
414 240 499 287 creua
519 242 655 291 rsnrrus.
963 233 1024 296 133

65 327 172 408 quidem
182 330 318 413 superior
331 333 361 396 in
378 333 453 398 tales
470 335 681 420 delinquentes
700 339 757 403 nisi
770 342 895 423 paterne
913 363 1018 426 procc-

62 418 139 498 dere,
151 429 200 483 sed
211 421 404 503 excipiendus
414 429 459 486 est
472 443 560 488 casus
574 445 635 508 quo
648 428 820 494 immineret
829 451 918 514 grave
932 435 1018 500 dam·

63 523 125 569 nom
138 511 358 590 communitati,
372 513 419 576 vel
432 515 527 578 tertiae
542 533 693 597 personae,
709 515 867 600 quia‘tuno
883 524 1018 588 revelans

60 595 170 679 obligari
182 607 277 682 potest
290 601 328 663 ad
343 601 411 664 talia
424 603 552 666 crimina
563 603 745 685 Judioialiter
758 607 979 690 denuntianda;
992 615 1015 677 si

59 689 207 768 posterius,
230 691 286 752 etsi
304 690 464 756 revelando
477 693 547 756 talia
560 693 688 756 crimina
701 694 893 761 denuntiator
906 721 1017 783 pecce-

58 780 133 862 serit,
147 787 275 844 attamen
290 781 427 863 superior
442 781 604 862 procedere
619 790 715 865 potest
726 784 906 864 judicialiter
921 791 950 852 in
965 791 1016 856 de·

58 869 221 952 linquentes,
230 871 305 952 quia
317 889 404 932 secus
412 871 532 933 crimini
545 872 880 953 videreturconnivere;
892 879 944 940 sed
955 879 1014 944 hoc

57 966 144 1023 nmen
156 960 398 1023 controvertitur.
411 958 484 1022 Vide
492 960 586 1024 Bonis
598 961 772 1040 (Deductis,
781 969 856 1026 tom.
867 972 898 1038 2,
908 985 938 1047 p.
952 971 1022 1050 70),

87 1053 169 1114 5855.
183 1049 269 1110 -11,
294 1049 379 1111 Circa
399 1047 619 1130 inquisitionem
640 1051 768 1114 nu'utum
793 1051 1014 1119 observandum

54 1146 90 1200 est
109 1138 187 1222 qudd
209 1138 326 1220 absque
347 1138 527 1218 precedenti
557 1137 700 1220 infamia,
727 1143 864 1223 quamvis
890 1147 1013 1224 paterne

55 1229 161 1307 procedi
181 1227 298 1304 valeat,
316 1245 377 1290 non
399 1233 499 1308 posset
518 1227 699 1307 Judioialiter
721 1227 834 1293 institui
859 1232 1013 1314 inquisitio

53 1315 107 1379 haec
118 1317 172 1380 sub
191 1316 249 1380 hic
262 1315 362 1382 sormi
377 1335 385 1376 :
402 1318 453 1380 Au
473 1315 570 1378 Titius
586 1317 687 1400 ult'puc
702 1317 809 1380 delicta
823 1325 1010 1402 patraverit,

55 1407 114 1486 quia
126 1408 167 1470 sic
188 1403 301 1486 injuste
325 1404 482 1468 laederetur
498 1404 579 1468 fama
597 1405 677 1469 illius
697 1408 784 1487 cuius
803 1407 957 1490 integritas
979 1420 1013 1475 ut
1102 1449 1109 1457 -

54 1503 121 1556 cena
130 1494 207 1576 apud
215 1493 535 1568 ornneshabetur3sed
543 1499 640 1575 potest
648 1494 759 1557 institui
769 1495 826 1559 sub
834 1497 890 1560 istt
899 1498 1010 1562 lorini:

56 1583 115 1658 (iuis
124 1583 180 1646 tote
192 1581 334 1645 delictum
344 1581 757 1664 putruuerit,etsicxindiciis
767 1587 885 1647 tantlsm
897 1596 1013 1651 constet
1076 1613 1080 1620 ·

54 1669 1011 1754 decerperedelicti.ltaprasisgeneralis:porrdinhoccasu,non

57 1767 92 1822 cst
103 1762 237 1844 obligatio
250 1761 407 1824 oecultum
427 1758 528 1821 delicti
544 1767 697 1822 auctorem
712 1761 937 1839 manifestandi,
955 1765 1012 1828 nisi

56 1847 1014 1931 agereturdecrimineperpetrandovelcontinuando,ueldecri-

57 1941 124 2002 mine
135 1960 169 2004 ex
181 1961 243 2024 quo
265 1957 356 2023 grave
368 1937 517 2000 damnum
535 1936 623 1999 elicui
642 1938 814 2000 immineret
832 1942 914 2021 quod
928 1943 1012 2006 aliter

59 2031 195 2094 commode
217 2030 314 2094 averti
338 2046 399 2089 non
423 2032 534 2108 posset.
555 2027 634 2088 Casu
654 2032 754 2088 autem
768 2042 830 2108 quo
844 2027 935 2106 licite,
951 2029 1013 2093 imd

59 2118 132 2178 ctiam
149 2120 247 2182 illicite
269 2115 513 2180 manifestaretur
531 2122 635 2176 auctor
655 2113 774 2192 delicti,
793 2123 896 2178 contra
912 2118 1012 2200 ipsum
1110 2129 1114 2136 '

56 2209 172 2288 superior
186 2210 268 2271 licite
282 2212 381 2288 potest
395 2204 577 2285 judicialiter
589 2201 767 2284 procedere,
783 2211 818 2266 ut
835 2204 968 2270 diximus
981 2213 1013 2271 in

55 2312 165 2360 numero
183 2295 385 2380 praeceden1i3
405 2311 505 2375 neque
524 2300 598 2355 tunc
615 2293 710 2375 judex
731 2294 959 2375 inquisitionem
974 2297 1013 2386 ta-

54 2385 136 2464 ciens,
151 2393 272 2449 tenetur
286 2385 433 2446 instruere
448 2381 582 2444 rudiores
593 2401 633 2444 ne
646 2389 799 2446 auctorem
813 2385 949 2446 criminis
963 2386 1013 2448 de·

53 2473 360 2553 reperientesque
372 2471 773 2552 inlamielaboret,quiahoc
783 2471 1014 2536 illumredderet

53 2567 208 2644 suspectum
215 2557 1013 2644 corruptelae,velfavorisincriminosum.VideBouix

53 2648 106 2726 (tn,
122 2655 246 2738 81-87);
263 2649 407 2713 Strcmler
418 2649 486 2726 (Des
496 2648 601 2710 Peines
614 2645 728 2724 eccles,
739 2665 770 2728 p.
788 2650 846 2708 155
858 2654 888 2708 et
902 2652 981 2728 156).

84 2743 166 2805 5856.
182 2773 212 2787 -
241 2743 291 2803 Ill.
314 2739 398 2802 Circa
417 2736 635 2819 inquisitionem
653 2733 805 2817 specialem
828 2735 922 2798 multa
943 2745 1014 2801 sunt

53 2823 166 2892 dicende
180 2850 188 2892 ε
205 2833 238 2893 l·
253 2825 442 2912 generaliter,
456 2825 516 2888 sive
530 2844 566 2888 ex
581 2842 666 2887 mero
680 2822 779 2886 officio
789 2824 941 2905 procedat,
952 2827 1013 2890 sive

54 2913 85 2976 ad
97 2917 266 2982 instantiam
277 2916 405 2999 alicuius
417 2913 636 2977 denuntiatoris
650 2911 688 2975 ad
702 2911 864 2976 vindictam
880 2933 934 2978 seu
948 2934 1013 2997 pm-

55 3019 128 3085 nam,
135 3008 228 3090 judex
241 3024 302 3069 uon
317 3011 415 3087 potest
422 3002 601 3086 judicialiter
608 3020 663 3085 per
673 3001 752 3064 viam
764 3003 902 3084 specialis
916 3004 1011 3085 inqui·

56 3093 155 3160 sitionis
167 3095 331 3180 procedere
344 3099 450 3157 contra
462 3091 598 3155 nondum
611 3090 811 3154 diffamatum.

87 3185 191 3267 Regula
202 3190 353 3264 estsere,
375 3200 431 3266 pro
452 3199 524 3244 casu
537 3199 599 3262 quo
609 3181 703 3263 judex
722 3180 858 3262 procedit
877 3197 914 3244 ex
930 3197 1014 3244 mero

55 3269 141 3335 officio
157 3279 295 3338 :constat
308 3290 345 3336 es
357 3271 446 3354 capit.
463 3269 665 3353 inquisitionis
676 3273 727 3348 ul,
745 3269 793 3332 tit.
813 3273 843 3346 1,
859 3268 910 3329 lib.
924 3271 942 3330 5
955 3271 1012 3329 lle·

56 3364 366 3442 sret.,ubi1nnoeent.
383 3361 422 3424 lll
441 3360 506 3422 ait:
525 3357 789 3441 «Respondemus
810 3356 927 3419 nullum
947 3373 1013 3420 osse

55 3466 68 3503 r
88 3467 138 3530 pro
148 3453 290 3530 crimine,
304 3469 392 3534 super
408 3469 465 3533 quo
479 3447 581 3532 aliqud
593 3466 651 3509 non
673 3445 790 3508 loborat
807 3445 948 3526 insumit,
964 3465 1012 3508 scu

56 3555 68 3592 r
87 3539 204 3604 cumosc
217 3541 380 3605 insinuatio
393 3556 456 3602 non
469 3537 669 3620 precesserit,
685 3540 807 3617 propter
818 3533 897 3598 dicta
907 3533 1011 3618 hujus-

56 3628 165 3692 »modi
185 3629 373 3714 puniendum
394 3647 403 3690 ι
428 3628 502 3710 quin
526 3625 589 3688 imo
615 3641 705 3700 super
725 3621 783 3685 hoo
809 3622 1011 3705 depositiones

870 3731 888 3787 d
