2462 3984
205 259 263 318 ffl
428 263 565 313 babbani.
585 265 686 313 tortos
705 268 787 313 touls
809 266 957 314 canonici.

204 366 333 445 adjicere
346 364 511 431 clausulam
529 371 726 446 sequentem:
751 361 879 448 «Sapen
889 364 935 426 lis
947 365 1086 428 omnibus
1102 371 1159 448 peto
1222 436 1223 442 .

206 477 220 514 a
246 454 319 516 mibi
333 454 382 533 ius
393 459 423 515 et
433 451 577 535 justitiam
591 453 791 515 administrari
806 453 890 515 omni
908 452 1025 516 meliori
1043 453 1159 532 modoet

206 564 221 602 n
245 541 360 620 lorino,
375 546 434 624 qut
455 542 590 620 dejure,
606 547 714 604 statuto
726 589 734 619 ,
748 540 796 603 vel
814 541 1031 604 consuetudine
1048 541 1109 605 lieri
1120 561 1156 624 po
1222 615 1223 624 χ

206 653 221 690 a
246 637 311 694 test.
327 653 342 690 n
359 630 483 710 (Bouix,
496 631 541 692 De
553 627 666 706 dudio,
678 633 788 691 tamt
792 649 845 710 p.
864 632 920 692 150
934 635 964 692 et
978 633 1059 710 ibt.)

247 740 294 798 An
315 742 416 800 autem
438 734 548 797 mutari
575 741 627 797 aut
648 733 803 796 emendari
825 735 918 816 possit
942 733 1060 798 libellus
1083 736 1160 798 seinel
1222 703 1223 706 Ἴ

207 833 373 908 porrectus,
388 823 455 886 vide
469 843 517 904 ap.
529 821 670 886 eumdem
682 821 759 903 tib..)

248 925 393 988 5885.-
412 924 461 986 lll.
477 921 523 984 De
539 920 706 983 vt'sitotione
726 919 856 1004 corporis
873 919 987 984 delicti.
1003 923 1104 987 Delalo
1122 943 1223 1009 per
1222 901 1223 920 ¹

208 1009 342 1077 libellum
366 1009 453 1074 vell
449 1029 550 1073 amam
573 1009 725 1090 publicam
743 1009 781 1071 ad
801 1008 936 1091 judicem
965 1011 1088 1090 delicto,
1108 1023 1165 1075 ante

208 1103 311 1164 omnia
324 1101 455 1164 occurrit
467 1097 604 1162 facienda
616 1098 744 1179 corporis
756 1096 859 1160 delicti
871 1099 1024 1172 visitabo:
1036 1101 1061 1163 si
1078 1108 1165 1164 umen

208 1191 351 1252 delictum
366 1189 404 1250 sit
416 1188 492 1269 facti
502 1186 700 1270 pennonentt's
713 1192 802 1268 prout
816 1205 905 1269 supra
919 1187 1052 1251 diximus
1061 1192 1166 1268 (stoan

209 1279 309 1359 quoad
322 1277 451 1339 formam
469 1275 655 1357 exequenda
673 1273 822 1356 ejusmodi
836 1276 1032 1356 visitationis,
1042 1277 1108 1341 uida
1122 1278 1168 1341 lor·
1222 1313 1223 1368 ,

210 1368 373 1430 molarium
386 1383 436 1447 ap.
448 1366 486 1426 D.
495 1363 653 1444 Bouiano
656 1383 723 1445 ..,p
738 1366 819 1443 5l8).

153 1479 157 1486 '
250 1473 393 1534 5886.-
406 1469 457 1530 IV.
472 1468 518 1530 Da
534 1467 745 1550 informatione
763 1465 923 1530 summoned
939 1477 1097 1551 antequam
1114 1491 1171 1535 reus
1222 1507 1223 1566 t

208 1563 330 1623 citetur.
352 1557 527 1620 informatio
547 1555 711 1618 summaria
730 1563 775 1618 est
795 1556 951 1619 instructio
971 1562 1173 1640 praeparatoria

210 1667 278 1733 quae
301 1646 334 1708 fit
351 1665 405 1729 per
426 1663 554 1709 examen
570 1645 693 1706 testium
712 1651 742 1706 et
761 1645 852 1706 ctiam
873 1643 1171 1712 instrumentorum
1153 1667 1173 1711 si
1222 1685 1223 1726 ,

210 1737 397 1812 habeantur,
417 1734 554 1796 nondum
575 1733 664 1795 citato
686 1749 744 1794 nec
763 1733 926 1796 constituto
948 1751 1021 1814 reo,
1037 1743 1072 1799 ut
1091 1738 1174 1817 judex

210 1827 305 1910 possit
316 1824 488 1887 discerncre
501 1839 578 1886 num
592 1821 725 1903 legitime
742 1821 838 1884 valeat
849 1840 922 1884 eum
931 1822 1024 1886 citare
1037 1831 1069 1886 et
1081 1845 1175 1889 corani
1222 1863 1223 1908 ᾗ

210 1915 452 1980 scaonstitutum
467 1912 649 1974 examinare
660 1909 1175 1993 Hocinlormatioapudcuriasnos·

209 2013 270 2068 tras
290 2003 448 2068 saeculares
466 2001 567 2083 ripert
582 1999 716 2082 judicem
737 1999 888 2063 diclum'
866 2020 942 2082 pope
963 1997 1175 2066 d'a'nstructim
1222 2003 1223 2076 l

127 2127 134 2138 ·
209 2097 243 2157 ln
271 2093 363 2157 curiis
389 2091 461 2152 verb
487 2087 695 2166 ecclesiasticis
721 2087 755 2150 nt
778 2087 943 2169 generatim
970 2107 1026 2170 per
1049 2091 1177 2172 jndicem
1222 2085 1223 2114 ³

209 2181 408 2256 ordinarium,
419 2177 566 2242 ueletiam
579 2195 633 2258 per
648 2179 870 2254 promotorem,
885 2176 990 2240 adhoc
1003 2182 1178 2260 generaliter

89 2317 94 2326 .
209 2272 255 2333 vel
274 2268 440 2350 specialiter
458 2266 646 2347 deputatum.
668 2268 713 2342 (ln
733 2265 790 2328 blo
802 2265 959 2328 Provincia
979 2270 1177 2334 avenionensi
1222 2263 1223 2280 *

209 2359 243 2420 lit
261 2375 315 2439 per
330 2359 549 2419 Promotorem.
565 2352 640 2415 Vide
658 2353 845 2415 Mandement
857 2353 892 2416 de
909 2354 981 2436 Myr
995 2355 1177 2432 Ctotmussa,
1221 2384 1222 2431 g

209 2447 328 2528 Eoique
340 2441 376 2506 de
397 2441 529 2518 Volence,
546 2449 578 2504 n‘
593 2445 643 2516 55,
658 2461 690 2523 p.
705 2445 755 2520 l8,
770 2447 825 2503 art.
843 2445 961 2524 tran)

262 2548 352 2609 5887.
369 2542 484 2625 Duplex
502 2549 548 2605 est
560 2541 729 2604 informatio
746 2541 824 2602 :alia
842 2535 910 2622 ouae
925 2541 958 2603 tit
971 2547 1005 2606 ut
1016 2545 1181 2609 conslctde
1220 2442 1222 2601 1

208 2637 289 2717 sonui
298 2634 436 2717 poblied;
448 2631 505 2694 alia
514 2631 552 2692 ad
564 2629 805 2711 dignoscendum
814 2647 853 2690 an
863 2629 967 2692 existat
976 2639 1083 2696 contm
1096 2653 1181 2700 reum

208 2724 315 2786 saltem
329 2723 513 2803 sami-plena
528 2719 676 2802 probatio.

248 2833 337 2894 5888.
353 2831 476 2892 Certum
488 2833 533 2891 est
546 2826 630 2909 quod
640 2825 722 2888 nulla
734 2826 772 2888 sit
785 2827 995 2912 premittenda
1010 2831 1181 2896 insonnalio

208 2919 372 2982 summaria
385 2916 507 2999 quando
524 2915 617 2997 judex
637 2914 772 2997 procedit
794 2933 848 2996 per
868 2917 948 2980 viam
961 2923 1180 2995 accusationis,

208 3007 266 3071 nisi
286 3013 441 3070 accusator
461 3005 649 3082 consentiat,
665 3004 736 3084 quia
755 3010 909 3067 accusator
923 3025 984 3070 non
1005 3014 1131 3074 tenetur
1148 3007 1180 3071 ad

208 3093 417 3182 producendas
430 3111 499 3156 suas
512 3092 703 3176 probationes
717 3091 775 3153 nisi
789 3098 855 3172 post
872 3100 1071 3160 contestatam
1085 3097 1181 3161 litem.

160 3201 166 3208 '
247 3199 323 3262 Casu
337 3204 439 3260 autem
452 3215 514 3278 quo
526 3195 619 3279 judex
628 3194 763 3278 procedit
771 3213 826 3276 per
838 3197 1042 3278 inquisitionis
1054 3201 1139 3264 viam
1149 3219 1183 3264 ex

207 3305 292 3350 mero
303 3285 413 3362 cilicio,
422 3303 484 3348 non
497 3290 543 3347 cst
552 3283 718 3346 necessaria
728 3283 898 3348 informatio
902 3287 1032 3366 juridica
1040 3288 1080 3353 dc
1086 3288 1183 3368 iamt,

208 3381 241 3434 ut
263 3373 519 3455 supradiximus,
547 3370 600 3433 scd
621 3371 786 3434 admodum
806 3372 889 3436 utilis
912 3391 979 3438 esse
1008 3383 1128 3458 potest,
1153 3383 1184 3441 ul

208 3459 307 3522 videre
319 3469 363 3523 est
376 3480 425 3542 ap.
439 3460 533 3523 Bouix
546 3458 612 3538 (it,
627 3478 659 3540 p.
677 3463 755 3536 t54t3
768 3477 839 3522 casu
854 3469 954 3526 autern
964 3483 1026 3546 quo
1040 3465 1075 3528 fit
1087 3464 1174 3532 infor
1160 3485 1185 3516 ·

209 3546 300 3607 matio
321 3548 359 3610 de
381 3548 479 3624 iamt,
502 3548 526 3610 si
551 3546 590 3609 de
611 3546 661 3608 itta
684 3555 819 3627 constat,
845 3567 908 3614 non
930 3553 1095 3634 requiritur
1123 3555 1184 3616 alia

210 3631 379 3696 informatio
392 3635 430 3696 ad
444 3633 683 3716 dignoscendum
697 3651 736 3695 an
749 3641 853 3699 eontra
869 3656 955 3709 rcum
964 3643 1071 3703 existat
1083 3645 1183 3702 seini-
