2452 3984
179 280 237 344 tto
397 295 534 343 amusan
553 296 653 344 rcnus
673 296 756 344 rums
777 296 928 346 cancrum.

180 419 194 458 c
218 397 268 458 tus
281 394 429 471 damnati;
445 398 476 458 3⁰
489 401 521 458 ut
529 396 764 459 communicatio
778 413 850 458 cum
862 395 976 458 eisdem
990 395 1020 458 in
1031 395 1161 474 divinis,

179 507 195 546 r
220 503 282 547 non
305 485 343 548 sit
366 491 489 546 externa
511 485 684 566 protestatio
704 483 770 546 falsi
795 483 961 566 dogmatis3
980 489 1014 546 t⁰
1028 485 1164 548 demum

180 598 195 637 r
221 579 254 638 ut
276 573 350 638 nutli
364 573 540 638 scandatum
561 575 689 654 ingerat.
709 574 862 638 Verum...
882 571 1025 656 predicta
1042 573 1164 638 theolo-

181 665 196 726 'n
221 683 330 747 goram
351 665 498 726 sententia
512 682 582 726 suos
602 663 692 726 habet
705 663 906 738 adversarios,
923 682 1024 746 neque
1038 663 1078 727 ab
1095 683 1164 726 om·

181 776 197 815 r
222 753 310 817 nibus
317 753 481 817 admittitur
490 759 635 834 tanquam
647 753 678 816 in
688 752 773 836 praxi
784 769 905 829 secura;
919 752 1002 830 dein,
1017 755 1054 816 ea
1066 753 1163 816 etiam

182 865 197 902 p
222 843 367 922 admissa,
383 844 454 906 cirm
467 859 574 904 omnes
588 842 772 905 e'numeratae
783 841 1016 905 circumstantiae
1027 842 1163 904 simulet

183 957 197 994 n
222 933 409 1013 conjunctim
420 929 670 1008 adessedebeant,
685 937 720 995 ut
728 929 945 994 catholicorum
956 949 1029 994 cum
1042 931 1163 994 hetero

183 1047 198 1084 a
223 1024 309 1086 doxis
325 1023 354 1085 in
370 1022 461 1084 rebus
479 1019 570 1082 sacris
584 1020 709 1083 societas
719 1019 805 1084 omni
819 1025 905 1082 vacet
922 1019 1031 1102 eulpa3
1047 1019 1165 1084 idcircd

184 1135 198 1172 a
223 1113 286 1174 sere
300 1109 484 1192 impossihile
496 1115 541 1172 est
554 1109 734 1187 usuvenire,
750 1115 784 1172 ut
802 1107 946 1191 aflagitio
956 1109 1096 1172 excusari
1116 1129 1166 1172 aa·

185 1225 198 1262 a
225 1197 1167 1262 teantcatholiciseseinrehussacriscumhaereticisvetschis

185 1313 200 1350 a
224 1288 340 1351 maticis
354 1286 564 1350 admiscentes.
582 1310 599 1348 a
620 1321 661 1334 --
679 1286 850 1370 Aliquando
871 1293 974 1349 tamen
993 1286 1025 1349 id
1042 1297 1166 1351 vacaret

186 1377 284 1460 culpa,
301 1383 334 1440 ut
343 1384 458 1440 constat
469 1395 506 1438 ex
514 1377 613 1440 verbis
622 1378 667 1439 Pii
678 1379 717 1440 Vl
726 1395 817 1458 supra
826 1376 928 1438 relatis
937 1379 1052 1454 (6125).

226 1483 315 1542 atae.
337 1479 399 1541 Etsi
412 1485 515 1542 autem
528 1477 643 1542 licitum
657 1497 719 1542 non
738 1479 776 1541 sit
793 1476 960 1540 infidelium
975 1485 1029 1541 aut
1041 1478 1170 1544 haereti·
1224 1465 1225 1480 ¹

186 1588 292 1632 corum
306 1569 397 1632 sacris
410 1568 451 1630 ita
465 1567 608 1631 interesse
621 1575 656 1631 ut
668 1569 712 1630 eis
724 1566 951 1632 communicare
962 1585 1169 1650 censeamur,

186 1659 245 1721 hcc
258 1664 360 1720 tamen
372 1657 441 1720 licet
454 1659 478 1720 si
494 1663 611 1740 spectes
621 1666 655 1720 ut
668 1655 864 1734 comoediam,
880 1660 932 1718 aut
945 1656 969 1717 si
980 1656 1049 1738 quis
1062 1656 1170 1721 samu-

187 1747 281 1810 tatum
301 1751 421 1830 praestet
438 1747 594 1830 politicum
611 1745 737 1808 domino
753 1763 828 1824 suo,
853 1743 994 1826 exemplo
1012 1747 1168 1812 Naaman.

188 1837 262 1900 Vide
276 1856 325 1920 ap.
342 1839 374 1901 S.
390 1837 512 1918 higuor.
528 1835 592 1917 (lib.
608 1839 643 1915 2,
660 1847 694 1898 n⁰
709 1836 767 1916 tc).

228 1945 316 2004 6129.
339 1942 407 2002 Non
426 1945 505 2003 esset
526 1939 641 2002 licitum
663 1938 746 2001 adire
768 1939 932 2002 conciones
951 1938 1171 2006 haereticorum

188 2051 260 2094 casu
282 2050 344 2114 quo
358 2030 502 2110 Princeps
519 2027 552 2092 id
567 2029 624 2092 sub
638 2028 811 2112 gravissima
833 2031 923 2110 poena
943 2030 1090 2093 omnihus
1105 2035 1174 2096 suis

189 2120 315 2182 subditis
339 2117 564 2200 praescriberet,
587 2117 705 2180 etiamsi
727 2115 871 2199 Princeps
897 2117 1012 2181 diceret
1033 2137 1067 2181 se
1093 2121 1172 2186 nihil

189 2208 270 2270 atiud
283 2209 404 2288 exigere
417 2209 511 2287 quam
524 2205 728 2268 obedientiam
741 2205 877 2284 civilem,
892 2207 964 2288 quia
977 2211 1172 2274 contrarium
1223 2205 1224 2250 t

190 2297 263 2358 nette
282 2297 380 2376 reipsa
401 2295 543 2356 videtur:
567 2295 607 2358 ita
623 2296 728 2376 anglis
752 2297 903 2378 rescripsit
924 2297 955 2358 S.
980 2297 1051 2359 Pius
1074 2300 1115 2378 V,
1142 2311 1174 2364 et

190 2385 300 2448 Paulus
309 2387 335 2446 V
345 2401 426 2446 anno
437 2379 526 2445 1606.
539 2383 611 2446 Vide
621 2385 653 2446 S.
664 2385 787 2467 Ligunr.
799 2384 863 2464 (it,
875 2385 936 2466 13⁰)
942 2403 951 2462 ;
963 2391 994 2447 et
1006 2387 1173 2468 Loquens,

190 2477 328 2537 n01353.

230 2582 274 2640 Ex
287 2579 377 2641 causa
391 2581 493 2641 tamen
507 2575 604 2640 audiri
619 2583 747 2660 possunt
759 2577 923 2641 conciones
935 2577 1174 2664 hereticorum,

191 2668 282 2729 modo
296 2669 372 2730 absit
385 2668 578 2740 scandalum,
591 2667 760 2748 periculum
773 2668 1013 2749 perversioniset
1025 2687 1176 2738 commu-

190 2756 300 2818 nicatio
323 2756 501 2838 impietatis;
531 2756 602 2818 item
625 2774 732 2818 eorum
755 2757 869 2839 tempta
895 2757 1034 2837 visitare,
1062 2759 1177 2844 ibique

190 2861 276 2905 orare
291 2845 350 2906 ritu
365 2843 522 2907 catholico.
539 2841 726 2927 (Reiffenst.,
746 2864 816 2928 pars
834 2849 871 2926 52,
890 2843 944 2908 lib.
959 2848 999 2928 ὃ,
1012 2847 1058 2910 tit.
1075 2853 1110 2929 ⁵1,
1126 2853 1178 2918 De

191 2933 356 3012 hereticis,
372 2941 405 2995 n⁰
419 2936 485 3014 m.)

230 3041 264 3099 ln
279 3037 454 3117 Germania,
476 3037 581 3101 audire
595 3038 757 3100 conciones
769 3037 1000 3118 hereticorum,
1014 3041 1179 3112 deducere

191 3129 297 3201 funus,
313 3127 449 3190 assistere
467 3127 621 3210 Baptismo
639 3134 784 3209 tanquam
800 3129 954 3210 patrinus,
969 3147 1034 3194 non
1051 3129 1180 3198 haben·
1222 3179 1223 3202 .

191 3225 240 3281 tur
264 3219 349 3298 signa
372 3215 534 3299 professiva
554 3215 644 3293 fidei,
658 3216 705 3278 vel
724 3217 1010 3281 communicationis
1028 3219 1060 3282 in
1076 3227 1180 3288 sacris

191 3327 262 3371 cum
287 3305 445 3370 hereticis.
467 3306 554 3384 Imb,
574 3305 673 3388 inquit
692 3305 913 3386 Busembaum,
930 3309 1089 3390 patrinum
1107 3311 1181 3376 deri

193 3396 258 3457 talis
268 3396 389 3458 infantis
398 3443 406 3474 ,
416 3395 533 3458 videtur
548 3394 647 3476 potius
660 3395 843 3477 optandum,
859 3397 984 3460 seclusis
998 3398 1085 3477 aliis,
1099 3403 1180 3482 quia

194 3501 255 3544 non
270 3491 314 3545 est
323 3483 403 3547 aliud
414 3485 507 3566 quam
521 3499 553 3544 se
562 3482 696 3564 obligare
708 3483 747 3546 ad
761 3503 832 3548 eum
846 3485 1049 3550 erudiendum
1060 3489 1096 3549 in
1114 3491 1183 3554 tide

193 3569 337 3634 catholica
365 3573 428 3654 (ap.
458 3574 490 3634 S.
519 3571 654 3654 Liguor,
683 3572 738 3647 it,
766 3583 798 3635 n·
824 3577 883 3655 rt).
914 3577 1008 3638 Seeus
1035 3577 1184 3642 sentiunt

78 3659 85 3674 '
196 3655 336 3736 [equeux
349 3659 393 3738 (n0
410 3663 504 3740 toto,
520 3658 611 3724 editio
624 3663 682 3736 3¹),
705 3663 816 3726 ductor
831 3663 969 3728 Proeleot.
984 3664 1020 3728 S.
1036 3663 1183 3747 Salpia,
