2466 4258
188 201 246 264 iltl
415 216 555 266 nsnuncs
568 215 674 264 roaros
687 215 771 264 tunsa
788 215 948 262 cssosrcs.

423 439 499 490 PARS
528 443 548 486 1.
577 455 616 468 ····
640 439 763 486 strutus
806 437 933 486 Paleou.

447 573 691 640 Dcuccusutions
700 575 911 638 matrimonii

227 764 256 830 l.
276 763 317 828 tu
336 765 369 827 in
398 761 550 824 tribunali
569 761 781 825 ecclesiastico
804 777 902 825 causa
929 764 1059 848 aliqua
1087 768 1187 830 mani·

187 855 335 920 monialis
357 850 519 916 tractanda
544 851 745 932 suscipiatur,
769 867 902 913 necesse
931 863 988 916 est
1013 864 1054 917 ut
1086 867 1187 919 contra
1231 864 1232 869 ’

188 943 428 1011 matrimonium
441 939 595 1022 regislaris
606 948 636 1001 et
645 939 958 1022 iuridicaaceusalio
969 948 1186 1024 praecessoris
1229 937 1230 944 '

188 1054 260 1119 que
281 1049 446 1116 nunquam
462 1027 523 1093 erit
536 1027 744 1105 admittenda,
757 1029 818 1090 nisi
835 1029 1078 1110 proficiscatur
1093 1055 1110 1096 a
1126 1054 1187 1118 per·

189 1143 267 1190 sona
302 1124 353 1188 uel
384 1119 537 1204 personis,
580 1137 652 1201 quse
688 1119 851 1181 communi
876 1119 957 1200 jure
992 1123 1131 1186 habiles
1156 1125 1187 1186 al

190 1213 404 1279 accusandum
428 1210 622 1272 habeantur.
642 1207 768 1270 Etenim
783 1207 816 1269 in
833 1207 1047 1290 quibusdam
1061 1213 1187 1296 impedi·

191 1305 306 1368 mentis
321 1301 383 1382 ipsi
399 1301 552 1378 conjuges
567 1303 690 1359 tantum
717 1297 764 1359 uti
779 1305 992 1362 accusatores
1010 1301 1187 1364 admittun-

191 1403 253 1471 tur,
281 1393 312 1452 in
341 1389 411 1451 aliia
436 1388 491 1467 qui
516 1394 591 1449 suut
608 1385 720 1448 iisdem
736 1386 893 1464 sanguine
908 1389 1116 1472 propinqui,
1148 1391 1184 1452 vel

191 1483 285 1545 etiam
311 1477 447 1558 quilibet
464 1473 654 1556 depopulo;
674 1489 711 1536 ao
732 1475 860 1547 landem
883 1493 924 1536 ex
947 1478 1071 1542 otbclo
1098 1481 1183 1542 etiarn

193 1568 357 1649 inquisitio
385 1565 451 1626 lieri
485 1572 598 1644 potest,
628 1573 658 1624 et
690 1563 885 1645 quaudoque
907 1564 1027 1644 debat,
1064 1569 1183 1650 quando

192 1656 367 1741 presertim
390 1663 501 1716 contra
524 1652 659 1732 alicujus
675 1651 870 1716 matrimonii
884 1653 1102 1719 validitatem
1114 1659 1178 1718 sirn-

193 1748 264 1833 plex
278 1743 479 1808 denuntiatio
501 1741 581 1804 lacta
597 1743 705 1818 luerit,
732 1749 786 1804 aut
809 1739 905 1816 fama,
931 1741 1171 1808 fundamentum

194 1836 331 1900 veritatis
344 1852 407 1916 prae
422 1851 455 1895 se
468 1831 583 1908 ferens,
596 1830 636 1894 de
657 1831 793 1911 alicujus
806 1830 1044 1912 impedimenti
1060 1837 1164 1900 exuim-

196 1929 239 1989 tia
258 1925 419 2004 divulgata
431 1923 481 1985 sit.
1231 1989 1232 1992 Ἴ

236 2015 265 2078 2.
294 2013 353 2076 lsta
376 2012 534 2074 accusatio
565 2026 673 2074 coram
700 2010 842 2090 legitimo
874 2009 1061 2078 Ordinatio
1094 2013 1176 2078 eccla·

197 2105 322 2170 siastico
336 2101 379 2183 (1)
401 2101 470 2163 lieri
490 2099 596 2176 debet,
626 2108 657 2162 et
680 2099 810 2180 quidem
825 2099 856 2160 in
875 2099 1027 2184 scripto:
1042 2105 1073 2167 si
1093 2117 1181 2166 crete

197 2211 258 2258 nus
273 2193 353 2255 lecta
367 2189 474 2268 luerit,
490 2188 654 2268 judicialis
680 2187 841 2250 reddenda
857 2188 919 2252 erit
944 2192 1043 2271 juxta
1066 2195 1183 2275 regulas

199 2283 359 2349 communi
373 2280 445 2363 jure
467 2279 609 2353 traditas,
633 2275 752 2340 scilicet
772 2277 940 2344 alliciendo
963 2291 1004 2342 ut
1023 2293 1182 2347 accusator

198 2393 268 2437 eam
292 2377 411 2452 repetat
424 2387 532 2432 coram
560 2365 727 2444 tribunali,
746 2375 806 2430 eta
829 2367 1031 2436 cancellario
1051 2373 1087 2436 in
1113 2374 1182 2437 actis

199 2463 369 2544 redigatur.

228 2687 264 2749 (l)
278 2687 413 2750 Legitimos
441 2689 524 2734 autam
553 2697 597 2734 seu
629 2690 774 2746 competens
791 2682 951 2746 ordinarius,
972 2687 1064 2748 quoad
1102 2701 1179 2736 musas

200 2749 406 2809 matrimoniales,
426 2753 464 2798 est
475 2749 518 2798 ille
544 2745 571 2796 in
585 2747 657 2809 cujus
673 2747 775 2796 diocesi
791 2746 829 2794 vir
841 2744 916 2795 babet
941 2747 1114 2800 domicilium.
1126 2751 1176 2800 liae

200 2810 316 2874 quamvls
342 2813 406 2860 adsit
421 2812 539 2877 generals
562 2809 714 2873 principium
730 2825 736 2857 :
758 2809 856 2858 uictor
877 2809 997 2872 sequitur
1008 2811 1092 2860 lorum
1104 2813 1137 2861 rei
1147 2825 1174 2868 ·,·

201 2875 271 2923 adcst
284 2877 308 2921 et
319 2873 385 2922 aliud
396 2889 427 2922 :a
452 2873 515 2920 Uxor
530 2873 643 2933 sequitur
658 2871 814 2924 domicilium
828 2872 912 2920 mariti
935 2891 958 2921 s.
982 2874 1123 2936 Exceptioai
1136 2880 1167 2919 ta·

201 2951 256 2986 mon
280 2933 349 2983 locus
365 2941 410 2988 est.
421 2935 440 2985 si
453 2935 585 2997 conjugale
602 2937 659 2984 rilae
676 2935 837 2994 consortium,
850 2939 893 2982 aul
908 2949 953 2997 psi·
968 2939 1138 3000 separationem
1151 2946 1163 2978 a

203 3005 257 3050 loro
271 3003 296 3048 sl
308 3012 399 3052 mansa,
421 3001 465 3047 aut
479 3011 523 3057 per
545 2999 716 3047 desertionem
739 2997 889 3045 malitiosam
908 3008 923 3046 a
943 3005 1041 3049 marito
1056 3003 1167 3062 pultabo

203 3064 328 3111 sublatum
346 3063 387 3110 sit.
406 3061 430 3108 si
447 3060 525 3122 prius,
541 3061 604 3108 actio
634 3061 745 3110 exerceri
764 3059 837 3107 debet
852 3073 936 3108 coram
953 3060 1076 3122 episcopo
1094 3060 1136 3109 toci
1150 3059 1173 3106 in

203 3136 251 3187 quo
276 3137 332 3186 pars
361 3135 402 3170 roa
416 3119 569 3170 domicilium
587 3121 724 3182 habct;si
749 3121 883 3184 posterius,
900 3135 964 3170 uxor
993 3137 1080 3174 coram
1098 3123 1174 3186 promti

202 3186 324 3235 domicilii
347 3185 462 3246 episcopo
488 3183 612 3232 actionem
626 3199 741 3234 exercere
764 3187 853 3246 polest.
869 3185 905 3232 lta
928 3183 1007 3234 inab.
1030 3187 1097 3235 dista
1112 3187 1175 3234 ,irs-

203 3251 299 3310 triaco,
313 3251 326 3306 ξ
340 3247 377 3304 96,
393 3251 418 3296 ol
429 3247 507 3298 lustr.
519 3245 544 3297 S.
556 3245 586 3297 C.
604 3247 635 3296 de
657 3248 733 3310 Prop.
747 3247 872 3305 Flamen.
888 3243 985 3310 l883,!
1003 3246 1029 3298 Ξ.
1044 3249 1114 3307 Quod
1128 3261 1175 3296 reto

203 3315 297 3372 spectat
311 3309 342 3357 ad
359 3309 515 3358 nsotrimonia
523 3312 607 3368 mixta,
622 3325 653 3359 ex
666 3323 786 3373 responso
800 3307 824 3358 S.
843 3309 871 3360 G.
884 3307 906 3358 S.
921 3309 1017 3366 onisii,
1033 3311 1063 3358 d.
1076 3311 1175 3360 bulonii

204 3373 298 3430 libzi
316 3371 439 3445 Coniuges
455 3371 570 3420 incensis
587 3372 720 3421 mixtarum
734 3372 875 3434 nuptiarum
894 3373 1001 3421 subsunt
1018 3373 1142 3436 episcopo.
1157 3375 1175 3420 ic

204 3437 279 3496 cujus
307 3435 407 3484 dioecesr
428 3448 485 3498 pars
501 3436 621 3484 catholica
645 3435 801 3484 domicilium
828 3435 905 3483 babet
920 3449 927 3496 ;
940 3441 967 3484 et
989 3437 1093 3496 quando
1114 3439 1175 3484 aurio

205 3503 263 3548 silut
290 3497 414 3558 catholici,
445 3497 571 3560 quiapars
596 3499 751 3548 heretis-,ein
771 3495 887 3546 Ecclesia
907 3497 993 3546 sinum
1010 3513 1111 3548 reuersa
1137 3509 1175 3559 est,

206 3563 312 3610 subsunt
322 3561 445 3625 episcopo,
462 3560 488 3610 in
499 3559 570 3622 cujus
597 3561 696 3610 dioecssi
717 3557 875 3609 domicilium
893 3560 971 3608 babet
982 3562 1123 3610 maritus.-
