2452 3984
454 295 541 343 nrarn
559 295 690 344 acanus.
1004 279 1060 343 tar

82 414 98 453 a
122 411 193 476 cup.
211 397 245 474 l,
260 413 333 458 sess.
350 397 409 472 tr,
430 393 465 456 de
478 395 616 475 reform„
632 401 767 458 teneatur
789 397 958 479 exprimere
972 397 1061 461 delic-

80 505 97 544 ι
122 489 193 546 tum
207 489 372 548 etecusam
387 484 592 564 suspensionis
607 483 661 565 ipsi
675 502 739 563 reo,
750 485 773 546 si
786 485 867 548 illam
882 486 1060 566 judicialiter

80 595 96 631 ι
121 579 245 655 petat...
257 574 289 636 S.
301 573 535 654 Congregatio...
549 571 742 654 respondit...
751 572 789 635 ad
802 579 855 655 4³,
866 573 1059 640 Ordinarium

81 684 96 720 a
121 661 150 726 si
169 661 334 744 suspendat
361 661 493 743 aliquem
515 661 616 743 vigore
636 679 703 744 cap.
721 666 855 737 l,etc...
879 683 941 728 non
963 667 1058 728 teneri

22 796 24 799 .
80 773 95 807 a
121 749 297 832 exprimere
305 749 449 814 delictum
460 756 490 813 et
499 768 621 814 musam
635 751 843 832 suspensionis
857 753 913 835 ipsi
928 773 991 832 reo,
1006 756 1059 819 sed

79 861 94 896 n
122 840 244 902 tantiam
260 838 330 902 Sedi
344 837 534 921 Apostolicae,
546 839 583 902 ad
593 859 684 922 quam
694 859 765 904 reus
778 859 935 905 recursum
946 843 1058 908 babue-

78 949 93 986 6
121 928 176 990 rit.
192 948 210 988 a
227 927 295 1006 (Die
308 931 343 990 21
361 927 565 1007 66661613.)

118 1016 189 1080 Sub
215 1015 266 1078 die
287 1017 357 1080 verb
379 1019 414 1079 2l
440 1035 504 1098 apr.
531 1021 621 1096 1668,
642 1018 674 1081 E.
702 1019 813 1100 Gongr.
837 1019 881 1084 sic
905 1023 1058 1104 respondit

78 1103 323 1188 archiepiscopo
345 1105 486 1168 Remensi
503 1125 511 1167 ε
531 1107 637 1169 «Cium
656 1105 758 1170 nullus
776 1109 909 1172 ordinari
931 1111 1056 1192 debeat,

75 1217 90 1252 n
117 1211 219 1277 quem
237 1195 405 1276 Episcopus
422 1212 485 1256 suaa
508 1193 649 1258 Ecclesiae
668 1196 772 1258 utilem
787 1205 839 1261 aut
853 1201 1057 1264 necessarium
1145 1229 1147 1234 ¹

75 1305 90 1340 a
118 1301 187 1346 non
198 1281 385 1363 judicaverit,
397 1283 595 1364 Congregatio
608 1303 669 1347 non
681 1285 773 1348 semel
784 1287 943 1351 declaravit
956 1289 993 1351 ab
1004 1291 1056 1354 hu·

76 1393 90 1434 n
112 1371 255 1452 jusmodi
266 1369 380 1450 judicio
389 1371 501 1434 nullam
511 1372 574 1434 dari
582 1373 890 1456 appellationem,sed
899 1396 1053 1442 recursum

76 1481 90 1518 o
115 1461 270 1524 duntaxat
281 1460 320 1522 ad
333 1457 442 1524 Sedent
457 1461 670 1543 apostolicam.
684 1465 756 1536 Quae
763 1465 949 1548 juxtaipsius
958 1469 1052 1552 Gong.

75 1571 91 1608 a
116 1549 365 1632 sententiamper
379 1549 557 1631 Gregorium
571 1553 686 1618 XllL...
700 1555 906 1636 approbatam,
922 1559 1054 1638 quoties·

74 1661 89 1694 a
115 1655 256 1718 cumque
268 1637 443 1700 Ordinarius
462 1639 642 1702 recusaverit
655 1659 880 1725 quemcumque
898 1645 1052 1725 ordinare,
1096 1714 1098 1720 ,

74 1748 89 1784 n
116 1725 350 1808 Metropolitano
370 1731 421 1788 aut
442 1727 578 1790 viciniori
596 1729 746 1811 Episcopo
772 1733 949 1812 committit,
969 1743 1002 1798 ut
1016 1737 1054 1798 ab

73 1837 89 1874 a
115 1814 231 1878 eodem
251 1814 409 1877 Ordinario
427 1815 511 1896 prius
532 1817 667 1898 requirat
688 1837 810 1882 causam
835 1825 1051 1888 recusationis:

72 1927 88 1964 a
114 1923 182 1987 quo
195 1903 360 1985 legitimam
375 1921 436 1965 non
451 1903 618 1986 allegante,
634 1905 702 1970 licet
716 1907 757 1969 illi
771 1909 914 1972 eumdem
937 1931 1053 1976 recusa-

74 2017 89 2052 »
113 2001 184 2056 turn
199 1993 338 2056 ordinare
358 2015 374 2052 o
400 1991 459 2074 (lle
472 1993 549 2076 Syn.
568 1994 699 2074 dioeces,
716 1995 768 2058 lib.
786 2001 842 2070 ta,
866 2016 893 2060 6.
911 2003 949 2076 8,
966 2005 997 2063 n⁰
1011 2005 1050 2083 t).

74 2082 154 2144 Vide
169 2082 264 2144 etiam
278 2081 373 2146 Bouix
387 2081 442 2162 (De
454 2082 566 2158 lodic,
582 2089 657 2144 tom.
674 2087 711 2160 8,
726 2103 756 2166 p.
773 2083 929 2166 366351);
945 2089 1052 2154 Ferru-

71 2173 115 2236 ris
130 2173 175 2249 (6ο
188 2171 361 2254 Suspenrio,
378 2178 433 2234 art.
452 2175 480 2249 l,
498 2182 530 2232 6ο
546 2175 606 2251 866
623 2177 653 2234 61
664 2191 755 2256 supra
768 2173 847 2236 dicta
861 2177 970 2258 (1988).

112 2263 209 2324 6016.
235 2263 330 2324 Causa
352 2259 390 2323 ab
409 2260 563 2324 ordinario
586 2261 713 2344 allegata
737 2281 799 2326 non
820 2272 897 2328 esset
919 2267 1050 2348 legitima

69 2351 160 2429 juxta
181 2349 325 2412 Stremler
346 2350 415 2428 (Der
436 2349 537 2411 Prinas
557 2349 734 2430 ecclesiast,
754 2372 785 2434 p.
802 2355 871 2433 339)
891 2355 916 2416 si
930 2356 1051 2421 ordines

70 2441 300 2520 denegarentur
319 2438 347 2501 ei
364 2437 494 2520 quivult
520 2438 642 2500 educari
664 2440 697 2500 in
717 2441 879 2504 seminario
897 2446 1051 2509 extradice

70 2544 204 2605 cesano,
214 2525 265 2589 ¹vel
279 2527 330 2610 qui
349 2547 411 2590 non
425 2528 488 2590 vult
500 2528 674 2608 promittere
689 2546 721 2590 se
740 2537 843 2610 postea
866 2539 1050 2596 servaturum

71 2617 166 2679 vitam
180 2633 376 2679 communem
391 2634 462 2679 cum
476 2633 532 2679 suo
554 2615 697 2697 parocho.
720 2618 751 2678 Si
771 2623 871 2678 autern
886 2619 1049 2701 legitimam

71 2706 218 2787 allegaret
231 2721 353 2767 causam
375 2705 413 2768 de
432 2706 494 2787 qut
514 2711 613 2767 certus
631 2705 755 2786 quidem
770 2713 847 2768 esset
861 2709 1047 2794 Episcopus,

71 2793 126 2856 sed
140 2811 236 2876 quarn
251 2811 313 2856 non
327 2800 427 2876 posset
440 2792 622 2856 sufficienter
629 2793 756 2876 probare
767 2796 866 2858 Sacrae
876 2797 1047 2882 Congrege-

72 2884 148 2946 tioni
162 2882 211 2946 vel
223 2882 273 2945 alii
297 2882 336 2945 ab
348 2882 414 2965 ipsa
426 2883 585 2964 deputato,
600 2889 741 2964 possetne
761 2892 834 2947 tunc
854 2886 897 2949 sic
910 2893 1049 2971 repulsus

72 2972 231 3052 ordinari,
254 2977 285 3035 et
303 2979 495 3035 tenereturne
516 2972 682 3054 Episcopus
702 2973 788 3036 illum
815 2975 988 3041 ordinatum
1017 2981 1047 3044 in

74 3081 161 3126 suam
186 3060 342 3125 dioeccsim
355 3059 520 3124 adhiberet
534 3061 598 3124 Dici
616 3081 704 3143 posse
717 3063 833 3128 videtur
847 3065 928 3147 qudd
942 3069 1047 3132 saltem

75 3151 243 3233 Episcopus
259 3166 321 3213 non
333 3154 471 3219 teneatur
493 3149 578 3213 illum
596 3150 738 3214 adhibere
758 3151 931 3217 adsacrum
945 3157 1048 3220 minis-

73 3239 185 3303 terium
199 3238 257 3300 nisi
271 3237 454 3302 beneficium
468 3241 562 3302 insut
571 3239 693 3303 dioecesi
702 3241 879 3304 obtinuisset
887 3263 896 3319 ;
912 3243 1046 3325 alioquin

73 3326 230 3410 quomodo
241 3345 346 3391 verum
360 3333 439 3394 essct
452 3328 534 3410 qudd
547 3329 716 3411 Episcopus
725 3331 843 3393 nullum
851 3329 988 3394 ordinare
1001 3332 1047 3398 de·

73 3417 137 3480 teat
149 3436 237 3502 quern
249 3435 309 3482 sure
326 3417 470 3480 Ecclesia
485 3424 672 3480 6666666νὶ666
690 3425 720 3481 et
731 3419 836 3481 utilem
858 3419 1045 3501 nonjudica-

72 3513 148 3570 cerr't
162 3505 279 3586 (und,
295 3523 368 3569 sess.
391 3509 446 3584 88,
460 3525 488 3569 6.
506 3505 580 3587 rsit
599 3509 692 3569 Estne
705 3507 855 3591 obligatus
869 3507 906 3570 ad
923 3529 1045 3592 proruo·

73 3595 207 3660 vandum
220 3613 290 3658 eum
305 3613 397 3678 quem
410 3596 493 3658 certo
507 3596 563 3657 scit
576 3594 737 3676 indignum
748 3641 757 3672 ,
770 3595 807 3656 ed
820 3597 902 3678 qudd
917 3601 1045 3681 probare

73 3701 133 3748 non
149 3683 244 3768 possit
257 3701 328 3748 eum
342 3701 407 3748 esse
421 3683 534 3748 talem?
546 3683 621 3746 Vide
632 3699 722 3744 sunra
737 3685 825 3760 (rosv
840 3691 870 3746 et
884 3689 988 3768 3803).
1002 3693 1045 3750 Ite
