2548 3988
228 183 287 245 860
447 195 586 242 ιιιιιυιιι
605 194 706 241 nortus
727 189 809 240 runis
828 189 978 239 cruourcr.

227 294 442 358 communibus
451 296 585 360 ecclesie
595 291 744 376 suffragiis
756 341 764 370 ,
775 291 981 372 orationibus,
994 287 1195 374 indulgentiis¹

229 403 292 446 non
305 385 376 447 verd
390 384 521 466 privatis.

266 472 404 536 Diximus
417 471 521 536 saltem
534 491 592 535 non
606 468 759 550 toleratos,
781 469 852 552 quia
869 467 971 553 quoad
992 467 1130 532 toleratos
1145 467 1197 532 du·

122 555 124 558 ’
228 560 296 644 plen
318 567 364 624 est
386 561 536 626 sententis
559 566 591 626 et
608 563 735 642 utreque
757 557 940 642 probabilis3
964 577 1025 621 nno
1045 557 1199 640 affirmem

229 649 319 712 etiam
334 650 416 733 ipsos
429 649 540 732 privari
552 647 641 712 dictis
654 647 803 730 suffragiis
813 695 821 726 ‚
832 649 903 729 quio
912 649 1071 728 Extrsvag.
1087 645 1198 709 Aderi-

230 737 318 800 toodo
333 755 395 801 non
409 737 540 805 intendit
552 737 625 820 ipsis
638 735 754 814 farere,
769 743 802 800 ut
818 753 852 801 ex
864 742 949 800 textu
964 741 1092 812 eonstst;
1107 733 1198 798 altero

229 847 349 910 nepotas,
364 829 437 911 quis
449 828 527 891 sicut
540 827 613 890 olim
627 843 690 888 non
704 831 769 888 erat
780 826 906 888 vetitum
924 843 981 907 pro
994 825 1199 888 excommuni-

229 918 303 980 cetis
315 917 442 981 occultis
453 915 575 998 publice
588 913 732 996 suffragia
751 913 878 992 offerre,
893 919 985 996 prout
1002 911 1151 994 colligitur
1165 932 1200 976 ex

228 1025 297 1087 cap.
310 1005 386 1070 Cim
399 1005 437 1068 ab
450 1006 582 1083 dominc,
597 1003 633 1067 de
645 1009 769 1067 sentent.
781 1019 936 1080 excomm„
951 1003 991 1066 ito
1005 1007 1073 1084 post
1082 1003 1199 1064 llxtrnr.

231 1093 279 1157 dd
288 1093 425 1156 evitando
440 1093 472 1156 id
486 1091 554 1156 licet
568 1091 669 1175 quoad
691 1091 852 1170 toleratos,
867 1091 939 1154 cum
959 1089 990 1152 id
1008 1089 1100 1154 etiam
1119 1089 1202 1152 cedat

230 1183 261 1243 in
284 1181 481 1244 commodum
494 1181 648 1259 fidelium,
663 1181 725 1243 sive
743 1179 784 1243 ob
797 1181 941 1243 meritum
955 1177 1126 1254 charitatis,
1141 1179 1203 1241 sire

229 1271 269 1332 ob
296 1269 462 1350 temporale
484 1268 671 1352 stipendium
692 1267 801 1332 exinde
819 1269 892 1350 ipsis
910 1267 1087 1332 obveniens.
1106 1267 1138 1330 S.
1155 1267 1203 1330 Li·

230 1376 317 1440 guor.
335 1357 402 1438 (lib.
417 1361 448 1436 t,
464 1369 499 1420 ιιο
514 1358 597 1439 tot).

269 1449 360 1510 6520.
383 1445 488 1519 Quoad
501 1447 573 1509 vero
588 1443 738 1524 vitandos,
752 1452 871 1510 certum
884 1451 930 1509 est
951 1463 1004 1508 eos
1018 1463 1080 1508 non
1093 1445 1205 1528 privari

231 1554 285 1618 per
297 1535 641 1598 excommunicationem
657 1534 778 1617 privatis
791 1535 927 1598 fidetium
936 1531 1087 1616 suffragiis
1101 1551 1110 1596 ι
1123 1535 1206 1598 unde

231 1643 293 1686 non
307 1625 426 1686 tantum
439 1623 567 1705 simplex
581 1621 690 1694 tidelis,
707 1621 861 1686 sedetiam
876 1621 1017 1686 sacerdos
1030 1627 1127 1704 potest
1138 1627 1206 1685 tan·

231 1731 324 1794 quam
339 1729 467 1794 persona
484 1711 614 1794 privata,
635 1730 690 1794 pro
708 1706 979 1774 excommunicatis
990 1727 1099 1786 orare,
1113 1711 1208 1773 etiam

231 1801 262 1864 in
275 1800 405 1884 publicis
418 1801 559 1884 precibus
575 1808 606 1863 et
625 1800 724 1864 missae
738 1799 896 1863 sacrificio.
917 1805 965 1865 dn
989 1805 1090 1863 autem
1113 1801 1210 1882 possit

231 1887 371 1954 sacerdos
382 1897 530 1972 tanquam
543 1889 680 1954 minister
693 1888 853 1966 Ecclesiae,
868 1887 966 1952 valide
980 1889 1098 1964 saltem,
1113 1887 1211 1970 sppli-

231 1997 301 2043 care
314 1979 583 2043 excommunicatis
594 1976 722 2041 vitandis
735 1977 835 2040 missae
844 1975 1039 2052 sacrificium,
1053 1975 1212 2039 videdicta

230 2085 322 2151 supra
335 2071 455 2148 (3llt);
466 2085 530 2130 non
540 2065 658 2130 videtur
667 2073 769 2128 sutem
784 2065 865 2147 qudd
877 2067 972 2148 possit
984 2063 1065 2128 licite
1079 2065 1182 2146 accipi
1194 2069 1213 2128 d

197 2163 202 2171 '
230 2157 359 2221 vitandis
384 2155 458 2238 ipsis
481 2153 665 2237 stipendium
687 2173 743 2237 pro
765 2153 859 2218 misse
882 2155 960 2236 (cap.
989 2153 1212 2216 Eccommcm'·

231 2245 306 2306 cotis
321 2248 358 2308 l'l
368 2291 377 2322 ‚
392 2247 527 2307 causali
543 2289 551 2315 ,
564 2263 597 2326 q.
612 2243 656 2327 3).

271 2337 363 2396 eset.
378 2365 418 2380 -
431 2334 481 2394 IV.
497 2331 596 2394 Privet
620 2337 677 2394 usu
700 2330 873 2396 divinorum
894 2331 1084 2412 officiorum,
1108 2331 1152 2396 ite
1179 2339 1215 2397 ut

231 2421 525 2500 excommunicatus,
548 2439 610 2483 non
627 2421 745 2483 tantirm
764 2429 863 2485 carent
883 2439 988 2485 eorum
1007 2419 1129 2500 fructu,
1157 2422 1216 2485 sed

231 2512 321 2574 etiam
336 2512 393 2574 sub
407 2509 524 2574 mortali
540 2517 670 2593 nequeat
683 2509 719 2572 iis
733 2511 876 2574 interesse
889 2517 975 2592 parte
988 2509 1133 2588 notabili,
1151 2512 1216 2574 nisi

231 2607 355 2664 excuset
373 2599 559 2682 ignorantia,
583 2599 631 2662 vel
649 2600 811 2663 necessitas
828 2599 940 2662 vitandi
962 2598 1141 2672 scandalum
1158 2608 1218 2662 aut

231 2688 288 2750 clia
294 2693 376 2769 justa
390 2707 499 2765 causs3
512 2689 576 2751 etsi
590 2687 628 2750 sit
641 2685 799 2766 sacerdos,
814 2695 934 2752 tenetur
947 2688 1071 2751 missam
1084 2687 1221 2752 inchoa·

232 2783 292 2838 tam
308 2777 398 2840 etiam
411 2777 601 2860 relinquere,
616 2777 641 2840 si
655 2777 793 2840 nondum
803 2777 1023 2840 consecraverit
1030 2781 1061 2839 et
1069 2775 1101 2838 id
1113 2779 1221 2858 possit

232 2865 330 2928 iecere
347 2865 462 2947 absque
490 2865 650 2942 scends103
679 2871 808 2948 peccant
828 2865 919 2929 etiam
943 2871 984 2942 etp
995 2865 1039 2928 illi
1058 2865 1114 2947 qui
1135 2883 1220 2930 curu

232 2954 494 3016 excommunicato
515 2952 637 3016 vitando
656 2953 766 3017 divinis
779 2955 946 3032 intersunt;
961 2953 1015 3018 sed
1026 2971 1089 3017 ιιοιι
1103 2971 1221 3020 censs·

233 3050 336 3107 rentur
344 3061 416 3106 cum
425 3041 478 3105 illo
486 3043 723 3114 communicare,
736 3043 789 3125 qui
798 3041 961 3106 transirent
969 3061 1024 3125 per
1032 3041 1219 3124 ecclesiam,
1259 3081 1260 3086 κ

232 3131 305 3195 dum
320 3131 361 3194 ibi
374 3131 654 3196 excommunicatus
666 3130 766 3210 adest,
778 3132 885 3211 antei,
900 3130 975 3194 dum
989 3131 1092 3212 plures
1106 3134 1220 3196 missae

232 3220 438 3300 celebrentur,
454 3241 515 3284 non
526 3220 626 3284 eidem
639 3239 675 3284 sc
688 3221 752 3303 ipse
773 3219 921 3284 sacrificio
934 3220 1120 3284 assisterent.

272 3313 360 3372 6522.
384 3311 564 3374 Hocautem
586 3315 762 3391 peccatum,
783 3309 866 3390 quod
885 3315 931 3372 cst
952 3308 1077 3391 quidem
1099 3327 1219 3392 grave,

232 3397 347 3462 veniale
361 3397 426 3461 lieri
439 3403 536 3482 potest
545 3415 583 3460 cx
596 3399 738 3479 parvitate
751 3399 900 3478 materie,
915 3405 950 3462 ut
962 3399 987 3460 si
1000 3398 1094 3461 missa
1109 3417 1222 3482 usque

231 3485 268 3545 ad
282 3483 480 3568 Escnpelicm
494 3488 611 3550 tentum
626 3487 776 3566 audietur,
791 3486 837 3550 vel
846 3487 871 3549 si
885 3487 969 3550 hore
978 3486 1120 3569 privatim
1136 3507 1222 3552 cum

234 3571 352 3636 vitando
372 3573 569 3638 recitarentur
590 3591 703 3638 rsecus
725 3575 751 3639 ti
773 3575 807 3638 in
827 3575 939 3656 choro,
961 3574 1009 3639 vel
1030 3573 1166 3657 publico
1190 3585 1224 3639 et
