2466 4258
349 178 533 226 rasurarum
555 177 756 223 innunroumn.
984 162 1042 226 ttttt

75 296 164 360 lolncy,
188 295 222 346 Μ.
247 295 401 362 ltepbelloni.
430 295 645 360 ligauit-bebrua,
659 295 690 344 de
707 296 794 356 letter,
817 295 948 352 Bentbam,
963 297 1038 348 1.-1.

74 375 181 428 bulnure,
210 367 279 420 rerer
307 374 332 416 ct
355 368 511 417 corrrttsancs
534 366 567 414 de
590 365 616 416 ta
642 364 729 424 Grc'cc,
746 365 849 416 ll'ouctle
878 365 904 415 di
922 367 999 424 Casti.
1017 373 1043 420 ot

73 446 123 493 aliis
136 440 247 505 oporibus
260 441 290 490 de
302 440 424 488 obseoenis
450 443 474 488 ct
499 444 583 488 contra
598 437 743 502 religionem
770 451 801 488 ex
813 439 922 502 prolesso
936 445 1042 490 tractan-

72 517 142 564 tibus.

101 588 124 634 3ο
143 581 301 647 dispensandi
325 583 350 631 in
368 583 439 632 tertio
454 585 480 634 ct
500 585 587 646 quarto
615 579 724 643 simplici
742 585 767 632 et
785 582 862 632 mixto
878 583 1044 634 tantumoum

71 657 213 723 pauperibus
240 656 266 705 in
281 654 472 713 contr-abendis3
496 654 523 702 in
537 653 669 703 contractis
685 667 742 702 vero
766 667 822 703 curn
846 654 967 704 baeroticis
985 671 1043 704 con·

70 731 142 780 uersis
155 729 229 778 etism
242 728 266 775 in
295 727 402 776 secundo
424 727 530 789 simplici
545 730 572 776 et
598 726 685 786 mixto,
696 726 827 776 dummodo
842 727 992 776 nullomodo
1004 733 1043 776 at-

70 803 145 864 tingat
158 801 263 863 primurn
274 797 388 862 gradum,
401 801 425 848 et
437 797 462 848 iu
475 797 513 848 bis
527 796 626 848 casibus
638 797 732 859 prolem
749 803 889 861 susceptam
901 800 1043 851 declarandi

70 873 212 936 legitimam.

102 947 125 994 l⁰
143 943 303 1004 dispensandi
330 955 404 1004 saper
425 939 604 1003 impedimento
626 939 732 1004 publicar
757 940 895 992 honestatis
922 940 999 1004 justis
1014 958 1045 993 ox

69 1015 222 1081 sponsalibus
234 1013 406 1076 proveniente.

102 1090 125 1138 5⁰
149 1085 309 1146 bispcnsandi
338 1097 413 1146 super
438 1082 616 1146 impedimento
631 1083 750 1144 criminis,
765 1087 852 1133 neutro
868 1087 949 1134 tamon
960 1085 1045 1148 conju·

70 1173 128 1223 pum
142 1157 304 1216 machinante,
318 1159 342 1205 et
358 1153 507 1204 restituendi
519 1153 561 1216 jus
578 1155 677 1218 petendi
694 1155 804 1205 debitum
817 1156 948 1205 amissum.

101 1233 124 1281 6·
140 1227 301 1292 bispenssudi
315 1228 340 1276 in
355 1225 532 1290 impedimento
548 1227 702 1288 cognationis
717 1226 864 1290 spiritualis,
880 1233 1045 1290 preterquam

67 1299 423 1352 interierantemettcvatum.
631 1349 633 1354 ,

100 1377 126 1424 l·
138 1375 177 1424 liae
201 1385 260 1424 uero
286 1369 480 1420 matrimoniales
493 1369 699 1432 dispensationes,
716 1369 832 1418 videlicet
852 1369 932 1425 tertia.
949 1377 1044 1434 quarta,

70 1446 154 1508 quinta
181 1449 206 1494 et
235 1445 378 1498 scxtanon
398 1441 566 1490 concedantur
592 1439 641 1490 nisi
668 1453 723 1489 cnm
748 1441 880 1488 clausula:
905 1441 1046 1493 Dummodo

73 1517 162 1566 mulier
174 1521 246 1581 rapto
262 1527 312 1565 uon
323 1511 413 1573 suerit.
429 1517 453 1561 et
467 1513 489 1560 si
503 1514 580 1576 rupto
590 1510 680 1573 suerit,
705 1509 733 1560 iu
744 1514 865 1574 potestate
880 1514 985 1575 raptoris
995 1529 1046 1564 uon

72 1590 163 1638 existat
179 1605 184 1647 ;
212 1591 237 1638 ct
258 1586 284 1636 in
312 1582 538 1647 dispensationibus
554 1582 695 1644 hujusmodi
710 1583 851 1632 declaretur
861 1597 976 1644 expresso
991 1586 1045 1634 ritas

70 1661 168 1710 concedi
185 1663 301 1722 tanquam
325 1670 340 1704 e
362 1655 432 1705 Sedis
455 1654 605 1717 apostolica
629 1654 750 1716 delegato,
771 1655 802 1702 ad
834 1669 908 1716 quern
930 1655 1046 1706 ellectum

69 1733 142 1782 etiam
154 1736 222 1782 team
232 1727 371 1792 hujusmodi
384 1727 528 1776 facultatum
541 1725 674 1786 inseratur,
691 1737 745 1773 cura
760 1725 920 1787 expressione
929 1727 1046 1789 temporis

70 1805 100 1853 ad
114 1805 177 1866 quod
192 1802 283 1852 luerint
297 1812 433 1850 concessus.

99 1875 124 1924 8⁰
139 1872 295 1936 dispensandi
309 1871 335 1920 in
351 1868 574 1934 irregularitatibus
600 1882 632 1918 ex
656 1867 745 1918 delicto
761 1867 858 1917 occulto
876 1869 971 1915 tantam
988 1883 1046 1930 pro·

67 1947 230 2003 uenientibus,
257 1945 361 2006 excepta
387 1955 417 1991 ea
437 1953 538 2002 quteex
565 1939 698 1990 homicidio
722 1935 862 1988 uoluntario
878 1940 1042 1992 contrabitur.

97 2018 125 2067 9⁰
150 2015 308 2080 Dispensendi
334 2017 359 2062 et
383 2011 550 2063 commutandi
573 2017 628 2062 vota
647 2010 772 2076 simplicia
794 2009 820 2058 ia
841 2007 891 2058 alia
905 2005 945 2073 pia
960 2025 1044 2074 opera,

69 2088 177 2152 exceptis
186 2085 248 2137 votis
261 2083 380 2136 castitatis
390 2089 415 2132 et
423 2082 555 2146 religionis.

98 2161 138 2209 ltl·
154 2158 297 2210 absolvendi
323 2159 353 2206 ab
379 2155 494 2204 omnibus
511 2152 624 2203 censuris
639 2155 715 2204 etiarn
730 2150 832 2216 speciali
845 2153 918 2203 mado
935 2153 960 2204 in
975 2155 1046 2206 Bulla

67 2231 215 2294 Apostolicor
236 2229 305 2280 Sedis
332 2225 512 2284 moderamini,
527 2224 581 2276 diei
598 2222 628 2274 12
645 2228 696 2274 oct.
727 2223 797 2281 ists,
810 2223 842 2274 ll.
859 2223 888 2274 Ρ.
906 2227 1045 2290 reservatis,

66 2309 171 2364 excepta
186 2300 339 2351 absolutione
354 2296 482 2360 complicis
495 2295 522 2346 in
532 2299 633 2360 peccato
647 2295 725 2359 turpi.

97 2375 139 2422 11ο
170 2371 301 2436 llclcgnndi
324 2369 476 2430 simplicibus
510 2367 680 2418 sacerdotibus
708 2369 857 2430 potestatem
882 2367 1047 2419 benedicendi

65 2449 209 2509 paramenta
230 2446 256 2491 et
281 2439 328 2488 alia
342 2439 457 2488 utensilia
474 2439 506 2488 ad
526 2438 675 2488 sacrilloinm
687 2439 768 2487 lllssae
781 2437 930 2498 necessarie,
945 2439 986 2489 ubi
998 2455 1046 2491 non

64 2517 212 2566 interveniat
223 2511 403 2572 saeraunetio;
424 2517 450 2562 et
470 2509 646 2562 reconciliandi
669 2511 787 2560 eeclesias
813 2512 920 2574 pollutas
938 2525 1000 2574 aqua
1014 2513 1046 2562 ab

63 2589 183 2650 Episcopo
206 2584 335 2636 benedicta
350 2585 375 2634 et
399 2583 425 2632 in
446 2583 684 2640 umenecessitatis,
707 2582 782 2632 etiam
798 2583 902 2646 aquaab
928 2583 1046 2647 Episcopo

64 2673 115 2708 noa
126 2659 267 2708 benedicta.

94 2729 133 2778 12·
146 2726 346 2778 Cornrnnnicandi
374 2726 418 2774 bas
429 2726 558 2775 facultates
580 2724 607 2775 in
627 2728 707 2774 toturn
732 2724 772 2774 uel
802 2723 828 2773 in
849 2729 954 2789 partem.
972 2730 1044 2788 prout

61 2815 127 2864 opus
153 2815 208 2851 esse
230 2797 365 2849 secundum
382 2795 436 2858 ejus
468 2797 643 2847 conscientiam
681 2795 838 2858 judicaverit,
869 2797 1044 2848 sacerdotibus

58 2873 160 2922 idoneis
170 2873 195 2921 in
204 2869 361 2921 conversione
369 2867 508 2918 animarum
516 2867 685 2918 laborantibus
693 2868 719 2918 in
729 2867 788 2918 locis
798 2871 892 2917 tantum
905 2867 947 2916 ubi
959 2869 1045 2930 probi·

58 2948 135 2994 betur
147 2943 294 2994 exercitium
308 2939 435 2988 catholicas
449 2937 590 3003 religionis.

91 3015 132 3065 ta·
146 3016 175 3065 Et
187 3015 308 3077 praedicta
324 3011 456 3060 facultates
483 3011 597 3074 gratissi
613 3010 667 3061 sine
688 3011 738 3062 ulla
751 3009 866 3060 mercede
879 3015 1045 3061 exerceantur

59 3089 85 3136 ct
97 3085 130 3134 od
140 3086 340 3150 quinquennium
355 3087 451 3132 tanturn
465 3093 591 3132 concessae
606 3081 789 3148 intelligantur.

92 3155 133 3204 ts·
151 3153 237 3206 Uteudi
252 3159 345 3212 eisdem
359 3160 516 3212 facultatibus
530 3162 558 3214 ia
580 3161 681 3214 civitate
695 3166 720 3213 st
734 3161 836 3213 diocesi
851 3161 915 3216 11...
934 3163 1042 3214 tanturn.

402 3394 482 3443 urnis
514 3395 584 3442 nour
608 3395 728 3452 ausari.
