2526 3988
25 3573 67 3584 ¹¹-tn
77 3579 78 3582 ,

45 3625 66 3650 „ft

25 3645 94 3736 m

113 3823 120 3879 1

196 195 234 257 52
414 204 553 252 uenuste
572 201 673 248 rorrus
693 199 775 248 runrs
795 198 945 262 concuret,

196 309 300 382 mord;
315 309 347 366 t·
361 304 393 366 in
413 303 505 364 causa
517 299 616 362 delicti
635 298 769 381 proprii:
786 315 858 360 nam
872 297 905 360 in
928 296 986 360 hoo
998 315 1097 368 casu,
1116 315 1183 359 non

196 393 413 458 monasterium
427 389 480 454 sed
495 389 675 470 delinquens
688 393 734 450 est
755 385 981 451 conveniendus
996 404 1004 447 ε
1018 387 1183 448 'amenas-

197 484 272 547 terio
285 491 386 546 tamen
408 480 439 543 in
462 479 508 542 his
530 478 649 542 casibus
671 493 812 560 expensae
831 480 904 538 sunt
929 473 1182 558 suppeditanda

197 572 272 635 Vide
286 571 361 633 alios
378 587 465 632 casus
479 566 618 646 (ibidem).

238 663 370 723 56111.-
379 661 411 721 6⁰
425 651 1090 735 1111111εεί1111111111111111111111,
1108 653 1184 715 ciant

197 748 368 812 habeantur
380 753 415 811 ut
427 763 565 828 persone
581 744 711 830 morales
733 762 803 826 quae
820 742 901 806 varia
920 742 988 822 jura
1003 740 1059 804 sibi
1077 740 1184 803 vindi·

199 855 268 901 care
281 841 426 918 possunt,
440 851 563 896 necesse
577 839 622 895 est
634 839 668 897 ut
681 831 837 914 injudicio
848 831 962 914 possint
976 829 1142 892 conveniri
1155 837 1185 891 ot

178 925 381 1004 convenire,
406 923 459 987 sed
483 923 541 985 hoc
561 921 626 985 lieri
650 922 757 1003 nequit
777 920 835 994 nisi
858 917 1070 982 mediantibus.
1089 919 1185 981 cerlis

200 1013 337 1098 personis
347 1012 457 1097 quibus
468 1011 666 1076 committitur
679 1009 811 1076 officium
822 1007 947 1071 nomine
956 1007 1140 1071 monasterii
1155 1013 1185 1069 et

202 1105 337 1166 ecclesiae
350 1100 458 1182 egendi
474 1106 504 1162 et
517 1101 730 1182 respondendi.

241 1193 286 1254 Ex
300 1189 444 1252 Decrelaii
459 1195 560 1251 autern
575 1188 700 1252 Educert
713 1193 764 1263 21,
776 1187 828 1249 lib.
847 1191 876 1264 1,
890 1188 936 1250 tit.
947 1189 979 1265 3,
990 1189 1130 1264 liceret,
1146 1183 1184 1248 ed

203 1279 362 1342 Praelatum
373 1277 557 1352 monasterii,
573 1277 678 1341 saltem
694 1295 765 1342 cum
783 1293 934 1339 consensu
947 1278 1140 1352 conventus,
1156 1279 1185 1336 et

203 1367 241 1432 ad
270 1366 427 1430 Praelatum
453 1366 602 1444 ecclesiae,
624 1366 729 1429 saltem
757 1383 829 1428 oum
853 1383 1004 1428 consensu
1030 1363 1181 1446 Capituli,

202 1454 379 1537 regulariter
393 1457 520 1536 pertinet
534 1473 623 1538 agere
636 1461 667 1516 et
677 1453 876 1537 respondere,
886 1457 950 1516 11111
965 1473 1004 1516 etr
1016 1453 1121 1535 officio
1133 1471 1184 1514 saro

206 1552 378 1620 teneantur,
394 1545 493 1624 inquit
513 1544 706 1606 innocentius
718 1545 759 1606 lll
772 1543 804 1604 in
826 1541 907 1606 dicu
919 1542 1084 1620 Decreteli,
1104 1541 1181 1606 Con·

204 1638 407 1716 prepottonum
428 1652 548 1693 snorum
567 1637 682 1714 nepotiu
696 1651 874 1715 procurare,
889 1630 947 1693 nisi
962 1631 1046 1692 aliter
1058 1649 1100 1694 ex
1116 1632 1182 1713 ipse

206 1721 379 1783 monasterii
392 1722 605 1784 constitutione
620 1728 784 1784 caveretur.
805 1719 890 1784 Idem
912 1725 1028 1783 constat
1049 1738 1088 1782 ex
1110 1737 1178 1800 cap.

207 1807 332 1872 Nullum
345 1813 384 1888 9,
399 1813 559 1888 1111118,
575 1829 606 1890 q.
622 1815 652 1873 1.

247 1899 294 1958 An
308 1903 409 1960 autem
429 1896 573 1961 Praelatus
596 1897 731 1961 absolute
750 1897 882 1979 indigeat
891 1915 1042 1962 consensu
1056 1917 1180 1962 monas-

209 1984 272 2048 terii
286 1985 333 2048 vel
343 1985 490 2068 Capituli,
506 1987 745 2064 controvertitur,
761 1993 790 2049 et
803 1987 912 2051 solutio
925 1987 1067 2070 pendete
1080 1988 1179 2050 diver-

207 2073 291 2136 sitate
305 2093 430 2138 casuum
439 2076 780 2138 etcircumstentierum.
792 2074 867 2138 Vide
877 2076 958 2158 apud
969 2076 1075 2154 Bouix,
1091 2075 1179 2154 totu..

209 2165 433 2243 1117811119.

247 2253 336 2314 5608.
355 2253 410 2313 Ρ11
424 2251 584 2315 Praelatum
597 2252 647 2314 hic
660 2252 844 2334 intelligendi
859 2259 931 2316 sunt
943 2255 1059 2318 Praelati
1072 2255 1179 2338 praeci·

209 2339 273 2420 pui,
285 2337 441 2402 videlicet:
459 2345 489 2402 l⁰
512 2340 679 2422 Episcopus
696 2341 816 2404 relative
834 2343 872 2405 ad
890 2343 1055 2408 Ecclesiam
1068 2345 1178 2408 Cathe-

209 2426 339 2506 dralem,
354 2427 529 2492 cathedrale
551 2429 739 2510 Capitulum
755 2433 788 2492 2⁰
808 2430 924 2494 Praelati
935 2433 987 2516 qui
999 2433 1181 2512 jurisdictio·¹

212 2533 280 2578 nem
291 2517 593 2599 quasi-episcopalem
607 2518 718 2582 habent
727 2520 757 2581 in
767 2519 1110 2603 aliquamecclesiamin
1119 2525 1177 2606 qut

209 2611 254 2665 est
269 2604 437 2686 Capitulum
453 2625 461 2682 ;
477 2609 509 2668 3ο
528 2607 665 2669 Primarii
684 2607 865 2689 religionum
883 2609 1026 2674 ordinum
1040 2613 1176 2690 Praelati,

212 2709 319 2772 nempe
334 2693 464 2755 dbbetes
477 2701 507 2756 et
521 2695 672 2780 Praepositi
683 2697 837 2778 generales
850 2697 1009 2765 ordinum.

250 2780 354 2852 Quoad
367 2787 468 2843 autem
482 2782 556 2844 alios
565 2783 752 2866 Superiores,
767 2785 842 2850 nihil
854 2796 980 2870 possunt
993 2791 1024 2854 in
1039 2791 1176 2875 presenti

211 2869 349 2932 materia:
362 2869 444 2932 unde
458 2873 675 2936 recurrendum
687 2881 731 2937 est
740 2871 1020 2942 advuricOrdinum
1032 2887 1141 2947 statuta
1149 2886 1177 2944 et

211 2962 345 3038 receptus
357 2960 600 3024 consuetudines.
617 2961 691 3025 Vide
705 2962 801 3026 Bouix
811 2965 877 3044 (tu,
891 2986 923 3048 p.
940 2969 1024 3050 180).

249 3048 340 3109 5609.
355 3045 518 3113 Abtntisse
532 3050 602 3113 verd
615 3057 645 3113 et
657 3051 723 3115 aliae
736 3069 805 3134 quae
825 3055 1003 3120 monialium
1022 3061 1175 3125 conventi-

213 3133 269 3198 bus
282 3141 433 3217 praesunt,
448 3155 537 3220 agere
550 3147 580 3202 et
593 3138 775 3222 respondere
789 3151 915 3223 possunt
933 3164 986 3228 per
1002 3151 1175 3215 constitutos

212 3231 421 3306 procuratores
434 3227 466 3290 in
481 3229 607 3310 negotiis
616 3247 741 3292 suorum
754 3241 968 3312 conventuum,
984 3241 1175 3319 pmutvelont

215 3311 352 3407 Praeleli,
374 3314 503 3378 llbbales
524 3324 554 3378 et
574 3317 623 3380 alii
644 3319 832 3384 monasteriis
852 3322 984 3386 virorum
1006 3327 1173 3410 prepositi,

214 3401 270 3462 nist
279 3407 381 3464 tamen
393 3422 481 3467 secus
490 3405 801 3488 disponantspecialea
810 3411 930 3475 Ordinis
939 3419 1172 3480 constitutiones.

214 3487 289 3550 vide
305 3491 400 3552 Boulx
415 3492 555 3573 (ibidem).

256 3575 346 3638 toto.
363 3601 401 3624 ι-
416 3575 448 3636 l·
462 3572 615 3644 Perottus
629 3579 699 3646 oum
714 3599 768 3666 per
781 3582 926 3668 parochos
943 3586 1000 3655 rub
1016 3588 1174 3658 directione
