2452 3984
379 129 465 176 uiuum
484 128 616 176 vuantos·
922 115 983 180 203

46 233 152 288 retorem
170 225 330 308 reliquerit.
344 227 387 288 Ita
411 223 675 306 Scbmalzgrueber
695 223 786 305 (apud
809 225 924 306 Bouix,
939 227 984 291 De

43 313 132 390 lvdie,
146 320 215 376 tom.
231 319 261 390 Ξ,
278 335 308 396 p.
324 317 404 392 tta).

73 405 218 465 utba—3·
231 404 344 484 Regula
354 403 502 485 generatis
511 407 556 466 est
568 402 670 466 locum
683 421 748 466 esse
763 403 939 468 restitutioni
952 405 983 470 iu

43 490 168 571 integrum
181 497 285 555 contra
298 493 449 575 quoslibet
462 499 547 556 actus
556 492 790 571 civiles,validos
799 499 827 556 et
841 494 984 558 rescindi·

42 577 99 640 biles
115 581 217 660 quibus
231 579 341 664 aliquis
355 582 442 646 laesus
458 587 503 644 est
515 601 523 642 t
536 581 683 664 excipitur
705 585 735 643 1⁰
755 581 780 644 si
797 581 880 664 quis,
893 583 985 647 etiarn

42 666 135 746 minor,
149 688 184 731 ex
197 669 392 734 matrimonio
405 675 559 734 contracto
572 669 662 734 laesus
676 669 789 746 luisset3
801 672 831 732 2⁰
844 671 869 732 si
884 674 985 737 minor

42 761 120 818 ulum
134 757 304 836 juramento
325 758 488 823 firmaverit
507 760 584 842 (cap.
615 759 689 822 Ciam
708 759 859 841 conttnpot
875 765 930 840 28,
951 761 985 826 de

37 841 223 925 jurejurando:
235 867 303 931 cap.
321 847 457 926 momnis
469 847 550 926 λάε
563 847 676 923 Portis,
691 848 723 910 in
735 851 794 928 6⁰);
809 850 840 912 3⁰
849 849 874 910 si
886 850 986 913 minor

41 931 195 998 simulaverit
214 956 248 1000 se
265 955 332 1000 esse
353 941 499 1018 majorem
517 942 552 1000 ut
570 937 665 999 aliurn
684 935 724 999 ad
745 937 986 1003 contrabendum

39 1019 186 1102 induceret;
200 1030 234 1088 4⁰
247 1027 274 1089 si
291 1025 440 1090 beneficio
454 1025 650 1090 restitutionis
664 1024 695 1087 in
712 1027 865 1107 integrum
886 1027 987 1090 minor

37 1108 180 1186 juramento
204 1116 424 1181 renuntiaverit
431 1135 440 1194 ;
469 1119 503 1180 5·
528 1115 555 1179 si
582 1113 665 1178 laesio
683 1131 745 1178 non
768 1116 807 1178 sit
833 1115 983 1180 notabilis.

40 1198 339 1288 (touix,tt.‚p.tta).
1056 1250 1059 1258 ·

68 1292 221 1358 mro.-t⁰
235 1297 282 1358 Ex
294 1314 361 1378 cap.
379 1294 472 1360 Causa
485 1299 516 1373 9,
531 1297 578 1360 viv.
593 1299 644 1373 tl,
659 1295 712 1358 lib.
727 1298 742 1357 t
758 1298 889 1374 Decret,
902 1297 985 1359 resti·

38 1378 159 1444 tutionem
167 1384 198 1444 im
207 1389 358 1468 integrum
371 1383 536 1448 concedere
546 1391 672 1468 possunt
680 1383 828 1448 Ordinarii
842 1385 984 1448 habentes

39 1465 322 1551 administrationem,
343 1491 398 1537 seu
424 1475 608 1538 territorium
634 1492 706 1538 curn
726 1473 855 1556 imperio
879 1475 984 1538 saltem

39 1555 126 1651 avuto:
139 1562 247 1642 quibus
260 1561 361 1629 verbis
374 1565 455 1628 certe
468 1563 663 1644 designentur
676 1563 816 1646 Episcopi
831 1564 983 1628 etPraelati

38 1645 246 1720 iurisdictionem
281 1652 583 1736 quasi-episcopalem
614 1651 758 1715 babentes
784 1671 792 1714 ε
816 1671 856 1714 an
881 1662 984 1716 autern

39 1729 181 1803 facultatem
194 1741 275 1804 benc
284 1741 413 1804 habeant
427 1742 536 1804 Vicarii
547 1742 718 1816 Generales,
734 1741 848 1823 absque
863 1743 983 1823 speciali

39 1824 163 1906 mandato,
177 1831 408 1894 controvertitur
423 1849 431 1893 r
446 1829 499 1894 sed
513 1830 698 1912 probabilius
712 1829 888 1910 affirmatur,
900 1831 984 1910 juxta

40 1907 192 1982 Lanuuium
203 1939 253 2003 ap.
268 1919 363 1983 Bouirv
377 1920 443 2002 (ib,
454 1939 484 2002 p.
496 1922 577 1998 tlt).

69 2002 155 2072 Quoad
173 2009 292 2090 judices
314 2010 485 2092 delegatos,
510 2009 667 2072 restituere
688 2008 777 2072 etiarn
801 2013 929 2090 possunt
952 2010 986 2072 in

39 2085 162 2172 integrum
174 2099 206 2162 iu
218 2099 340 2164 duobus
357 2099 496 2163 casibus:
513 2102 545 2162 t·
562 2097 587 2160 si
608 2097 638 2160 id
658 2099 701 2162 eis
716 2096 804 2160 luerit
817 2095 986 2178 specialiter

38 2193 203 2266 mausum
214 2191 248 2252 2⁰
261 2188 287 2250 si
301 2188 332 2250 in
343 2188 465 2270 negotio
476 2188 549 2270 ipsis
558 2187 720 2250 commisso
734 2185 902 2250 incidenter
914 2203 985 2251 oon·

38 2264 105 2348 tingit
115 2277 234 2355 questio
243 2277 439 2340 restitutionis
451 2277 484 2340 in
498 2277 649 2359 integrum
664 2278 707 2356 (ut
720 2295 788 2359 cap.
805 2273 922 2356 Causa).

66 2357 127 2422 Item
143 2364 298 2450 delegatus
311 2367 349 2430 ad
363 2366 589 2430 universitatem
609 2384 786 2444 causarum,
801 2365 984 2429 territorium

37 2439 205 2518 babenseum
217 2455 495 2534 administratione,
506 2455 662 2518 restituere
674 2460 771 2537 potest
786 2455 818 2516 in
832 2454 983 2534 integrum

37 2536 466 2628 quiaOrdinarioaequiparatur.
476 2547 543 2608 Nou
551 2551 654 2607 nmen
663 2543 694 2606 id
705 2541 909 2626 potestquoad
919 2559 985 2606 aon·

37 2625 136 2692 tentiam
147 2633 331 2697 definitivam
345 2636 363 2698 a
377 2652 410 2698 se
424 2633 535 2714 latam,
551 2634 609 2696 uisi
624 2632 791 2715 specialiter
802 2631 832 2694 id
846 2631 874 2694 ei
895 2630 985 2698 luerit

38 2725 203 2810 ituraeam,
218 2725 292 2806 quie
304 2723 439 2806 alioquin
452 2728 592 2786 censetur
606 2722 727 2786 iunctus
740 2721 831 2785 luisse
846 2739 901 2785 suo
915 2721 982 2787 offi-

38 2815 80 2863 mo.
91 2807 400 2895 ltaSchmalagrueber
409 2831 459 2896 up.
475 2812 572 2876 Bouix
587 2811 668 2895 (itt.

67 2893 154 2963 taven
164 2903 281 2981 judiees
298 2907 406 2985 prater
420 2907 604 2966 memoratos
619 2901 838 2966 restitutionem
852 2903 884 2967 in
902 2902 976 2968 imte-

38 2992 455 3074 uummnoederenequeunt.
879 3065 881 3070 A

67 3073 338 3172 tttt.—sttudtees
346 3079 500 3162 ordinarii,
511 3081 982 3165 quiresvituvionemininvegmm

36 3167 163 3259 restituere
176 3177 321 3252 possunt,
336 3169 368 3233 id
380 3170 480 3234 valent
493 3171 584 3236 etiam
597 3171 696 3253 quoad
711 3173 890 3235 sententiam
904 3171 980 3232 doti·

38 3254 136 3318 mtvvam
148 3258 164 3320 a
174 3277 205 3323 se
215 3260 452 3343 ipsisprolatarn,
461 3265 495 3325 ut
506 3264 621 3324 constat
635 3263 772 3326 excitato
786 3279 852 3341 cap.
869 3258 979 3324 Cuneo:

37 3343 163 3411 prevaluit
182 3355 283 3412 tamen
307 3348 494 3414 consuetudo
514 3354 549 3413 ut
570 3350 691 3413 nonnisi
718 3351 736 3412 a
757 3351 787 3412 S.
817 3347 977 3428 Pontifice,

38 3424 197 3526 vrl'tjudice
209 3438 417 3522 appellationis
426 3436 499 3504 illud
509 3437 594 3503 fleret
608 3459 616 3502 r
632 3445 724 3520 atque
736 3443 770 3501 ut
783 3436 820 3515 is,
833 3455 895 3500 non
906 3437 977 3501 verb

38 3515 141 3599 illium
153 3525 294 3608 iudicavit
313 3545 452 3610 oausam,
469 3528 579 3594 iterum
597 3532 761 3610 cognoscat
782 3531 813 3590 et
835 3525 975 3592 vlivimats
