2548 3988
200 211 259 274 dli
411 223 677 276 mantuanorum
702 222 784 274 roan
808 219 955 274 eunoun.

201 359 217 398 a
240 333 664 420 mennanneuncosquam
675 335 777 412 laicos,
786 337 996 404 secularesrel
1004 339 1172 423 regulares,

201 446 217 486 a
242 432 333 508 atque
348 425 439 489 etiam
454 425 589 508 qualibet
602 424 746 505 dignitate
766 424 936 506 iungentes,
954 427 979 490 si
1000 429 1175 510 quomodo·

201 535 216 576 a
239 531 371 598 cumque
389 514 544 596 coegerint
559 511 693 594 aliquam
713 511 879 594 virginem,
898 515 1101 594 reinduam,
1123 525 1177 581 aut

202 625 219 665 a
240 603 331 667 aliam
349 620 575 686 quamcumque
589 601 750 666 mulierem
769 602 906 679 invitam,
923 611 1128 688 praeterquam
1141 607 1175 668 in

202 713 218 753 a
242 689 932 774 casibuainjureexpressis,adingrediendum
941 695 1175 772 monasterium,

203 804 218 842 a
242 779 567 863 roladsuacipiendum
576 777 939 863 habitumcujuscumqua
948 781 1118 864 religionis,
1129 785 1176 847 vel

203 893 219 932 a
243 868 282 933 ad
296 868 493 934 emittendam
508 866 726 950 professionem
739 888 748 943 ;
770 868 884 950 quique
896 871 1072 946 consilium,
1087 875 1179 935 auxi-

203 982 219 1020 o
243 957 336 1036 lium,
350 957 396 1021 rel
419 957 551 1020 latorem
570 954 726 1028 dederint;
747 957 861 1040 quique
887 959 1016 1022 scientes
1029 977 1100 1024 eam
1115 979 1177 1024 non

203 1069 219 1110 a
244 1053 352 1130 sponte
365 1045 481 1128 ingredi
498 1045 725 1119 monesterium,
740 1051 792 1106 aut
807 1043 1180 1131 habitumsusoipera,aut

204 1157 220 1195 a
244 1135 463 1217 professionem
485 1134 638 1206 emittere,
664 1134 895 1215 quoquomodo
913 1135 1011 1199 eidem
1028 1139 1111 1202 actui
1133 1137 1179 1201 vel

204 1243 221 1282 a
246 1224 448 1304 presentiam,
458 1222 503 1286 rel
514 1241 710 1294 consensum,
724 1222 978 1288 velaueloritaiem
991 1227 1181 1309 interposue

205 1332 221 1369 r
244 1311 316 1376 rint.
332 1334 347 1374 n
368 1310 460 1396 (Sese.
477 1316 528 1388 25,
543 1329 571 1376 c.
586 1313 635 1390 tu,
653 1311 697 1375 ue
709 1311 815 1393 Requi.
833 1321 861 1374 et
874 1313 1023 1394 manici.)-

664 1414 716 1479 lli.

249 1515 385 1579 «Simili
416 1533 539 1598 quoque
563 1513 748 1577 anathemati
784 1514 904 1595 subjicit
940 1514 983 1598 (S.
1022 1517 1182 1603 synodus)

206 1629 220 1668 a
245 1624 299 1670 eos
311 1605 363 1689 qui
374 1611 509 1668 sanctam
517 1602 668 1684 virginum
681 1603 727 1667 rel
739 1603 869 1666 aliarum
886 1603 1053 1669 mulierum
1069 1607 1183 1671 volun·

205 1716 221 1755 a
245 1702 339 1759 tatem
357 1693 415 1756 vali
429 1693 609 1774 amipiendi,
622 1693 666 1755 rel
683 1693 743 1754 voti
758 1691 925 1770 emittendi,
945 1713 1073 1778 quoquo
1087 1698 1183 1759 modo

206 1809 220 1844 a
246 1785 311 1848 sine
322 1784 403 1866 justa
420 1800 511 1846 eausa
537 1780 780 1862 impedierint...
805 1782 851 1844 Ab
874 1782 960 1845 his...
980 1785 1182 1866 excipiuntur

206 1897 221 1934 o
246 1873 388 1937 mulieres
407 1890 475 1954 quea
490 1871 661 1953 penitentes
674 1876 727 1933 aut
740 1873 908 1934 convertite
920 1873 1138 1953 appellantur;
1153 1878 1183 1938 in
1244 1915 1245 1972 p

206 1985 222 2026 ι
246 1963 356 2048 quibus
363 1961 592 2025 constitutiones
606 1977 710 2024 earum
725 1966 918 2024 seruentur.»
934 1961 1026 2044 (sess.
1043 1967 1095 2041 25,
1108 1964 1179 2048 ila).
1243 2011 1244 2062 q

246 2169 336 2229 uter.
374 2167 419 2226 Eo
444 2164 509 2244 ipso
542 2159 847 2224 excommunicantur
880 2160 922 2223 illi
948 2161 1001 2245 qui
1041 2163 1182 2242 docere,
1241 2175 1242 2244 l

207 2253 382 2337 praedicare,
401 2251 447 2314 vel
470 2249 662 2331 pertinaciter
686 2267 831 2325 asserere,
856 2253 1034 2329 sanctiam,
1058 2254 1183 2334 publice
1240 2281 1241 2334 q

206 2342 401 2426 disputando,
417 2339 579 2403 detondere
591 2339 840 2422 presumpserint
855 2355 917 2401 non
932 2359 997 2403 csse
1010 2347 1182 2406 necessario
1239 2377 1240 2424 q

208 2431 450 2516 praemittendem
468 2429 691 2492 conlessionem
715 2429 968 2490 sacramentalem
988 2427 1026 2490 ad
1049 2448 1181 2494 sumen·
1238 2463 1239 2514 q

208 2523 282 2588 dum
300 2519 497 2584 Eucharistiae
518 2524 755 2593 sacramentum,
779 2516 874 2580 abiis
895 2535 974 2599 quos
995 2519 1181 2584 conscientia
1237 2543 1238 2606 q

208 2613 321 2695 pcccati
336 2609 470 2676 mortalia
483 2614 597 2692 gravat,
612 2614 899 2691 quantumcumque
912 2608 1057 2671 contritos
1070 2627 1103 2673 se
1113 2629 1180 2674 esse
1236 2639 1237 2696 p

208 2701 452 2764 existimaverint.
469 2697 574 2782 (Gonu.
586 2697 671 2764 Trid.
686 2715 759 2761 sess.
778 2700 827 2772 ¹3,
842 2713 942 2760 canon
958 2697 1020 2778 ll.)
1235 2729 1236 2786 p

255 2901 431 2983 «Praecipit
454 2901 485 2963 S.
502 2897 644 2980 synodus
673 2897 828 2976 omnibus,
857 2897 1079 2980 cujuscumque
1105 2917 1176 2982 gra·
1231 2893 1234 2968 i

206 3015 222 3055 a
246 2993 315 3063 dus,
330 2989 483 3074 dignitatis
502 2994 532 3050 et
545 2987 726 3051 conditionis
746 2989 887 3060 existant,
909 2986 966 3050 sub
978 2987 1176 3052 anathematis

206 3103 222 3143 r
246 3101 349 3165 penna,
372 3096 465 3162 quam
483 3079 550 3160 ipso
572 3074 651 3140 iacto
671 3077 839 3156 incurrant,
866 3095 906 3140 ne
932 3075 1040 3158 quovis
1069 3078 1173 3156 modo,

206 3193 222 3232 a
246 3168 424 3234 directanei
444 3167 600 3242 indirecte,
627 3165 764 3228 subditos
784 3183 868 3243 suos,
890 3165 938 3229 vel
962 3183 1175 3249 quoscumque

41 3310 43 3313 a
70 3312 75 3325 .,
206 3283 221 3322 a
247 3260 321 3322 alios
333 3262 443 3339 rogant
456 3256 621 3338 quominus
635 3255 729 3318 libere
744 3255 935 3319 matrimonia
948 3257 1141 3320 contrahant.
1155 3279 1171 3316 r

54 3352 87 3429 ji
206 3367 279 3413 sess.
294 3352 345 3422 il,
356 3365 383 3410 c.
399 3349 430 3424 9,
448 3345 492 3409 lle
505 3345 627 3427 reform.
643 3343 750 3425 matr.)

247 3552 278 3613 S.
304 3551 445 3632 synodus
480 3545 704 3630 magistratibus
738 3546 932 3612 amularilrus
962 3550 1019 3613 sub
1051 3567 1170 3614 exeom-

208 3638 421 3705 municationis
434 3657 536 3722 poena,
563 3637 630 3718 ipso
654 3633 734 3698 iacto
757 3633 956 3715 incurrendo,
983 3637 1114 3722 injungit
1138 3643 1168 3700 ut
