2462 3984
178 334 184 343 ·
215 316 272 379 150
433 333 570 382 annuens
594 335 690 382 renus
710 335 791 383 streis
812 335 961 384 canonica.

213 433 362 512 agitando
377 434 518 497 testibus:
535 435 567 496 in
593 452 655 515 que
676 453 750 497 casu
773 433 839 498 vide
853 435 949 498 Bouix
964 435 1030 516 (ila,
1045 455 1077 517 p.
1097 434 1172 512 530).

251 525 340 586 5900.
365 524 447 586 Circa
463 542 567 604 poenas
581 524 810 586 contumacibus
826 524 1023 605 infligendas,
1037 522 1105 587 uide
1115 541 1174 604 cap.

220 613 382 688 Veritates‚
397 611 431 674 ele
444 612 510 674 dolo
524 620 553 674 et
566 620 691 674 centurn.
699 628 714 688 ,·
725 631 793 695 cap.
811 613 965 691 (leonium,
976 614 994 694 ξ
1007 613 1040 674 in
1053 611 1136 684 eliis,
1150 615 1177 670 at

214 701 507 779 litenoneontestota‘,
518 721 584 784 cap.
601 699 671 763 Teio
677 701 893 783 fraternitatis,
905 703 1001 782 ejusd.
1013 701 1106 778 tituli3
1118 719 1175 780 esp.

215 791 296 867 (laod
304 792 365 854 oult
379 791 448 870 Deo,
460 789 644 871 depulistis·
652 797 682 853 et
692 791 846 854 Reiffenst.
858 791 914 870 (lle
926 790 1065 864 dediciis,
1076 789 1122 852 tit.
1136 794 1177 865 tt,

214 877 253 940 n¹⁸
270 884 418 958 tasin).

252 973 340 1032 5905.
350 1003 388 1017 -
399 971 474 1031 VIII.
497 967 543 1032 De
555 967 782 1050 exceptionibus.
799 969 880 1032 Reus
894 969 1001 1032 citatus
1014 971 1045 1030 et
1058 967 1097 1030 ad
1109 963 1178 1048 judi-

205 1057 293 1119 ·oium
303 1057 532 1120 veniensvaiias
541 1057 732 1138 exceptiones
740 1075 909 1138 proponere
923 1061 1022 1139 potest
1032 1075 1041 1117 ε
1053 1055 1179 1137 exceptio

213 1143 354 1208 desinitur
369 1165 376 1207 ι
394 1145 544 1226 Allepatio
557 1145 615 1227 qod
629 1163 694 1206 reus
707 1146 849 1208 actionem
862 1155 964 1209 contra
977 1165 1007 1208 se
1020 1144 1181 1208 instinctam

215 1234 261 1294 uel
273 1233 408 1296 retardat
427 1233 473 1295 ael
481 1234 600 1315 pertitas
613 1231 710 1294 elidit.

252 1323 453 1404 Multiplioiter
479 1323 653 1385 dividuntur
682 1324 897 1406 exceptiones3
924 1322 1053 1388 sufficiat
1078 1321 1181 1386 reiense

212 1411 373 1474 divisiones
395 1417 556 1494 sequentes
577 1430 584 1472 ε
606 1411 782 1473 dividuntur
795 1431 891 1494 ergo:
908 1415 938 1476 {⁰
957 1415 990 1475 ln
1011 1411 1105 1475 reales
1120 1428 1180 1492 qus·

212 1502 254 1562 sei
278 1520 332 1564 scu
355 1517 454 1564 causae
472 1499 625 1562 adhaerent
636 1521 644 1578 3
655 1500 822 1582 personales
840 1521 909 1584 quae
923 1502 1035 1565 intuitu
1050 1519 1181 1583 persone

212 1596 328 1654 statutae
340 1597 425 1668 sunt;
442 1597 471 1654 et
483 1591 596 1651 mistas
609 1607 677 1672 quae
690 1591 811 1671 utrique
825 1591 1014 1674 participant.

252 1685 283 1742 2⁰
305 1683 338 1742 ln
357 1679 513 1744 dilatorias
532 1687 562 1742 et
577 1679 806 1762 peremptorias,
822 1699 892 1762 quae
913 1679 1021 1744 divisio
1035 1679 1183 1763 praecipui

212 1775 256 1830 est
268 1769 458 1832 attendenda.

251 1863 340 1922 5900.
364 1857 574 1940 Peremptoriae
591 1857 783 1941 exceptiones
799 1867 944 1922 vocantur
962 1877 1032 1942 quae
1047 1861 1098 1940 jus
1111 1865 1184 1922 aeto

212 1947 252 2008 ris
267 1949 419 2028 perimunt
436 1953 465 2010 et
484 1965 605 2030 sompes
617 1947 645 2010 ei
663 1948 802 2025 obstent,
818 1949 880 2012 sive
893 1947 1082 2012 ostendendo
1095 1949 1183 2011 aetio·

213 2055 283 2098 nem
304 2056 462 2119 nunquam
482 2035 573 2100 fuisso
598 2043 720 2114 ortam,
743 2057 770 2099 v.
793 2055 824 2120 g.
844 2037 991 2104 donatum
1012 2057 1076 2100 non
1096 2036 1184 2100 fuisse

212 2126 293 2206 quod
315 2127 412 2188 taliter
432 2133 586 2209 peractum
608 2127 766 2202 essentum
783 2128 845 2190 sive
858 2125 1073 2190 contendendo
1093 2127 1183 2188 actio-

212 2233 282 2276 nem
305 2215 395 2278 luisse
418 2215 598 2292 extinctam,
620 2234 649 2292 v,
671 2235 701 2296 g.
721 2217 1010 2298 compromissione,
1032 2215 1185 2298 prescrip

212 2303 309 2381 tione,
324 2311 400 2380 ete.;
416 2305 477 2366 sive
491 2305 549 2365 alio
564 2303 654 2366 niodo
668 2305 809 2368 elidendo
822 2306 994 2386 actionem,
1009 2303 1185 2389 excipiendo

154 2435 157 2442 ·
210 2412 239 2454 v.
256 2413 286 2474 g.
304 2392 429 2472 dolum,
445 2400 572 2468 metum,
588 2401 646 2458 eto.

254 2481 564 2546 Dilatorioedicuntur
577 2483 635 2546 illas
649 2504 717 2566 quae
728 2485 879 2550 actionem
894 2503 956 2548 non
970 2487 1097 2548 omnino
1111 2489 1186 2568 peri·

211 2578 301 2635 munt
320 2571 373 2634 sed
393 2572 491 2635 solum
506 2572 647 2635 differunt
662 2574 699 2636 ad
713 2582 855 2656 tempus:
879 2574 1053 2656 multiplicis
1067 2577 1186 2656 genens

211 2681 276 2726 esse
291 2668 437 2741 possunt,
453 2669 487 2724 ut
499 2661 599 2724 videre
612 2669 658 2726 est
671 2664 750 2745 apud
771 2665 807 2724 D.
825 2664 922 2726 Bouix
940 2662 1036 2742 libid„
1054 2683 1086 2746 p.
1105 2669 1183 2742 tte).

250 2755 339 2814 5907.
362 2751 406 2812 Ex
417 2751 485 2833 jure
495 2752 695 2834 exceptionis,
708 2752 845 2833 sequitur
853 2753 903 2832 jus
914 2752 1118 2835 replicationis
1127 2757 1185 2836 qui

210 2838 299 2902 datur
312 2839 404 2902 actori
423 2838 546 2903 facultas
567 2860 654 2903 reum
673 2841 872 2923 excipientem
886 2841 1072 2923 repellendi:
1089 2851 1186 2924 potest

211 2929 321 2994 iterum
342 2947 412 2992 reus
436 2931 618 3011 respondere
640 2937 670 2993 et
692 2931 734 2992 sio
754 2930 908 3012 reciproce
926 2936 1020 2993 octor.
1043 2933 1088 2994 Ne
1115 2935 1184 2995 vend

211 3021 289 3082 ultra
315 3019 440 3082 modum
464 3019 636 3100 hujusmodi
656 3019 829 3101 disceptatio
852 3019 1060 3102 protrahatur,
1085 3023 1185 3084 statuit

209 3110 415 3173 lastinianum
437 3110 487 3189 Jus
510 3109 611 3189 (nuth.
635 3109 784 3187 labemus,
808 3127 835 3172 c.
860 3107 896 3172 de
917 3109 1013 3190 laeli,
1037 3117 1071 3173 ut
1090 3112 1184 3192 penes

208 3199 342 3284 judicem
368 3206 446 3261 esset
473 3198 516 3260 eis
538 3199 704 3262 terminum
725 3199 882 3280 imponere
904 3215 913 3262 s
937 3217 1007 3281 quae
1028 3199 1184 3282 dispositio

210 3290 302 3352 etiem
315 3291 347 3350 in
360 3287 425 3350 iem
439 3287 638 3352 eeclesiastico
652 3288 827 3351 admittitur.

251 3381 340 3441 5908.
363 3377 548 3458 Regulariter
562 3379 754 3460 exceptiones
766 3375 918 3442 dilatoriae
931 3379 1058 3462 proponi
1072 3379 1184 3442 debent

211 3475 280 3530 ante
303 3467 361 3528 litis
386 3467 644 3531 contestationem.
668 3471 711 3530 lta
733 3469 937 3532 communiter
963 3487 1080 3552 exeap.
1097 3469 1184 3532 Inter

210 3555 416 3618 monasterium
430 3559 481 3634 20,
496 3555 531 3617 de
543 3565 666 3620 sentent.
682 3565 711 3620 et
728 3577 761 3619 re
768 3557 880 3641 judie,
896 3557 967 3640 quie
986 3560 1183 3622 contestando

211 3639 310 3720 litem,
325 3661 394 3704 neus
406 3645 579 3706 renuntiare
592 3652 732 3709 censetur
743 3647 919 3729 hujusmodi
932 3649 1158 3730 exceptionibus
1173 3670 1180 3709 :

212 3747 240 3792 v.
259 3747 289 3810 g.
305 3737 442 3792 censetur
456 3730 612 3796 admittere
625 3733 758 3814 judicem
780 3743 924 3819 unquam
938 3743 1180 3818 competentem,
