2452 3984
418 270 503 320 cteta
523 269 655 321 renatus.
984 253 1034 322 tas

117 371 189 433 llinc
202 371 210 432 i
215 391 231 431 n
245 369 370 433 notoriis
384 387 445 432 non
458 389 535 451 opus
549 376 593 432 est
607 369 833 434 denuntiatione
851 388 907 434 nec
919 369 1036 454 libello,

83 477 132 522 nec
151 461 364 522 contestatione
385 459 465 530 litis,
492 477 548 522 nac
575 459 748 538 juramento
775 459 936 524 calumniae
959 461 1036 544 (cap.

81 547 229 611 Brideatr'a
243 551 273 625 9,
289 547 334 610 tit.
352 552 382 628 i,
397 547 450 609 lib.
467 551 643 625 51100101).

115 654 173 716 tne
185 653 307 735 quando
329 654 368 716 ita
388 653 541 736 evidenter
561 659 679 718 constat
693 655 731 718 de
750 661 864 738 patrato
877 657 986 722 delicto
1005 665 1038 723 ut

14 797 16 801 .
82 741 154 804 natta
170 744 296 805 omnino
317 741 495 805 defensione
514 761 585 807 reus
608 763 641 806 se
659 744 737 807 tueri
752 745 860 826 possit,
884 753 957 810 tuuc
980 765 1038 813 1100

81 830 158 892 etiam
179 832 319 894 citatione
333 849 410 913 opus
430 839 485 894 est.
501 835 569 894 Non
583 839 685 896 tamen
705 832 792 896 tacite
815 834 935 916 procedi
948 835 1038 900 debet

81 927 170 981 contra
183 919 360 995 absentem,
379 920 443 982 sine
458 922 568 1002 praevie
586 922 745 997 citatione,
766 922 855 984 etiam
873 923 905 985 in
920 927 1038 988 notorio

80 1007 191 1086 delicto,
213 1010 286 1091 quia
306 1008 480 1090 contingere
502 1016 604 1091 posset
630 1017 664 1074 ut
680 1011 888 1092 exceptionem
906 1011 1036 1095 aliquam

79 1095 165 1178 ipsum
178 1105 374 1162 excusantem
384 1097 512 1180 allegare
526 1099 647 1162 valeret.

112 1203 194 1266 5999.
215 1205 286 1266 Non
307 1207 408 1264 autem
422 1200 510 1264 debet
520 1200 614 1280 judex
632 1203 664 1264 in
684 1202 797 1265 notato
810 1204 980 1268 citationem
1000 1203 1039 1268 ad

78 1292 232 1353 sententiam
253 1290 500 1373 praetermittere,
516 1289 573 1352 nisi
596 1289 627 1352 in
642 1291 849 1372 praejudicium
865 1293 1037 1374 reipublicae

79 1385 102 1440 et
114 1380 142 1441 in
155 1379 291 1443 futurum
305 1377 480 1442 scandalum
502 1397 588 1441 mora
601 1379 708 1442 cedere
729 1379 869 1458 deberat;
886 1381 937 1444 sed
951 1401 1038 1464 opor-

79 1471 114 1530 tet
124 1477 168 1548 ut,
183 1469 241 1532 hoc
253 1487 344 1546 casu,
365 1485 427 1530 non
441 1467 540 1530 solum
554 1468 669 1532 crimen
684 1468 721 1531 sit
734 1476 866 1546 certum,
880 1469 933 1533 sed
947 1471 1037 1535 etiam

79 1564 106 1618 ut
115 1556 197 1621 simul
211 1565 332 1622 certum
346 1559 384 1620 sit
397 1556 479 1639 quod
493 1557 576 1620 nulla
588 1575 641 1620 100
655 1557 784 1639 supersit
796 1557 942 1623 defensio.

111 1663 177 1723 ltem
191 1681 253 1726 non
267 1667 316 1726 eat
328 1679 404 1742 opus
419 1661 450 1722 in
465 1661 582 1724 notorio
600 1666 634 1723 ut
653 1659 745 1742 judex
760 1663 940 1724 sententiam
962 1661 1038 1725 serat

80 1748 269 1814 nlenniteret
282 1750 453 1832 inscriptis,
469 1750 526 1811 nisi
537 1768 606 1812 reus
616 1749 731 1812 crimen
743 1767 808 1812 esse
820 1751 972 1813 notorium
983 1770 1036 1814 ne·

81 1845 167 1918 garet:
183 1860 244 1922 quo
253 1858 345 1916 casu,
360 1839 527 1902 necessaria
540 1838 616 1902 10101
624 1837 772 1900 sententia
786 1840 893 1901 notorii
908 1840 1038 1902 declara·

81 1928 155 2005 toria‚
167 1929 220 1994 sed
232 1948 297 1993 non
316 1930 347 1990 in
362 1927 516 2010 hypothesi
532 1933 634 1992 tamen
652 1929 712 2009 qul
725 1925 870 1990 delictum
884 1929 1037 1992 notorium

82 2027 144 2080 esset
155 2019 269 2083 lactum
284 2035 476 2100 permanans.

111 2125 193 2189 119110.
215 2128 250 2187 ln
265 2141 338 2186 casu
351 2123 461 2184 notorii
477 2126 599 2184 nonest
616 2120 701 2184 locus
715 2119 924 2204 appellationi,
939 2125 970 2183 et
983 2119 1037 2183 ista

80 2229 131 2274 ron
141 2215 292 2285 obstante,
302 2209 394 2292 judex
405 2211 568 2294 procedere
580 2217 677 2293 potest
687 2209 725 2273 ad
735 2209 942 2274 executionem
958 2211 1035 2292 (cap.

80 2297 142 2362 tam
154 2303 193 2365 ait
206 2307 237 2382 5,
253 2304 300 2364 til.
316 2299 437 2378 aedit.
455 2304 474 2362 2
489 2300 633 2380 Deerat),
649 2299 742 2362 modd
756 2298 904 2362 sententia
924 2299 1038 2381 prolata

80 2387 156 2452 luerit
172 2399 318 2474 tanquam
333 2391 365 2451 in
379 2409 460 2451 ream
473 2389 585 2450 notorii
598 2389 753 2450 criminis:
773 2405 860 2450 secus
882 2387 907 2450 si
930 2387 1037 2450 dehic

80 2481 241 2544 notoriatate
259 2481 408 2542 sileretur.
427 2480 527 2540 Potest
544 2483 647 2539 temen
662 2476 808 2558 'appellari
823 2475 903 2536 circa
916 2483 1038 2537 senten-

79 2565 141 2631 tiam
163 2569 200 2632 de
220 2569 408 2632 notorietate.
430 2565 507 2629 Vide
530 2565 626 2629 Bouix
646 2563 713 2642 tit„
732 2582 764 2640 p.
788 2564 874 2638 999);
896 2564 1037 2626 Stremler

81 2655 142 2734 (tta
156 2659 260 2724 Peinea
274 2657 385 2736 ecclia,
397 2675 428 2738 p.
444 2657 507 2734 et).

112 2763 196 2826 6001.
219 2763 301 2826 Nota
315 2758 398 2842 qudd
417 2757 563 2821 delictum
577 2775 639 2820 non
653 2756 771 2820 tanldm
785 2756 892 2822 debeat
903 2776 968 2822 esse
982 2775 1038 2823 110-

80 2849 178 2912 toriunr
192 2851 368 2929 ulmetum,
383 2847 436 2911 sed
445 2848 535 2910 etiarn
547 2846 748 2924 uidelictum3
763 2865 850 2910 secus
863 2856 942 2911 esset
954 2849 1039 2912 locus

82 2938 303 3019 tergiversationi
322 2945 352 3001 et
364 2935 567 3014 excusationi,
586 2943 617 2997 et
632 2941 707 2998 tunc
725 2935 846 3018 procedi
861 2956 923 3001 non
939 2945 1039 3020 posset

82 3029 211 3108 tanquam
221 3027 391 3092 1100010110.
403 3025 555 3107 Videcap.
571 3023 598 3086 T
595 3045 632 3086 aa
647 3025 729 3104 81111.
740 3029 778 3102 2,
789 3025 842 3089 lib.
857 3030 876 3090 3
895 3029 1037 3106 flectet),

82 3111 242 3181 ubidicitur
261 3137 271 3180 1
289 3139 305 3177 1
323 3117 400 3180 Ciam
413 3112 586 3195 hujusmodi
600 3113 716 3176 crimen
731 3115 814 3178 nullt
834 3115 928 3197 possit
947 3117 1038 3194 tergi·

81 3221 94 3256 1
114 3205 275 3269 versatione
294 3205 395 3269 celari.
418 3226 434 3264 1
458 3205 496 3270 ut
514 3203 584 3265 verd
599 3209 714 3266 constet
734 3203 772 3266 de
786 3204 962 3266 notorietate
976 3201 1038 3263 cri-

81 3291 162 3356 minis
173 3295 355 3376 predialis,
371 3291 587 3356 attendendum
601 3291 695 3354 estad
710 3299 848 3357 naturam
862 3291 940 3361 lacti,
956 3289 1038 3354 etad

82 3375 164 3458 ipsius
185 3383 358 3466 patrationis
378 3383 475 3445 varias
493 3380 741 3444 circumstantias.
765 3379 841 3444 Vide
863 3379 959 3444 Bouix
979 3379 1037 3458 (Da

81 3465 180 3549 tatic,
195 3478 269 3536 tom.
285 3477 315 3552 9,
331 3492 363 3555 p.
374 3475 435 3535 300
447 3477 477 3534 et
489 3471 574 3551 301).

114 3571 165 3634 llis
178 3591 238 3636 uon
258 3573 457 3650 obstantibus,
471 3570 636 3654 prudenter
650 3575 719 3651 aget
728 3568 823 3650 judex
836 3571 876 3648 si,
892 3569 982 3635 etiam
1003 3573 1034 3635 in

82 3660 194 3724 10101111
213 3669 370 3730 consuetas
389 3661 573 3742 judiciorum
593 3659 712 3740 regulas
730 3659 889 3722 observet:
915 3677 936 3718 α’
944 3661 1034 3724 Multa

187 3783 218 3832 1.
236 3783 278 3832 Π.
896 3767 916 3825 ss
