2504 3990
45 3549 103 3567 Qu

171 161 229 220 382
381 173 520 218 assutus
542 173 646 220 sortus
666 173 747 220 runis
767 170 917 219 ernostus.

170 287 305 350 officium
321 289 479 365 recitandi,
497 290 597 354 misses
621 289 831 368 intermeandi,
849 293 1040 352 sacramenta
1062 288 1132 352 resi·

171 375 284 456 piendi.

210 467 299 529 saue.
316 470 435 542 Quaerit.
454 471 485 533 l·
498 471 546 533 An
561 469 733 553 Episcopus
745 485 909 552 suspensus
920 469 941 533 d
954 465 1136 551 pontificali

171 553 221 616 lus
238 553 371 620 incurret
397 559 646 642 irregularitatem
672 560 697 622 si
721 577 757 622 ea
770 567 921 641 exeroeat,
932 573 962 624 v.
977 579 1009 642 g.
1026 555 1139 622 oonllr·

171 645 293 722 mendo,
311 647 516 712 consecrando
529 649 651 724 oalioes,
664 647 749 712 etei

210 737 300 818 Resp.
314 735 465 814 Quosdam
475 757 598 821 negare,
608 739 768 820 quiajuxla
779 739 861 822 ipsos
870 739 1072 821 Episcopatus
1081 753 1140 802 nen

171 830 216 888 ost
233 825 320 903 ordo,
335 827 388 890 sed
408 827 506 892 sollum
525 829 662 892 extensio
681 829 728 891 rel
742 829 999 910 complementum
1013 827 1140 890 ordinis.

173 915 231 978 Sed
249 915 436 999 probabilius
457 924 503 980 est
521 915 745 994 affirmandum,
764 917 848 999 quie,
868 917 923 980 etsi
944 935 1052 981 rerum
1067 923 1144 980 esset

173 1005 386 1089 Episcopatum
405 1025 467 1070 non
482 1025 548 1071 esse
562 1007 700 1070 ordinem
714 1006 901 1082 distinctum,
915 1013 1051 1069 attamen
1067 1025 1145 1090 pre·

173 1095 243 1156 intes
252 1095 424 1158 functiones
437 1103 541 1158 essent
555 1095 758 1158 indubitanter
772 1094 947 1158 exercitium
954 1094 1078 1158 ordinis
1087 1093 1145 1158 sal·

173 1191 232 1245 tom
249 1183 365 1246 extensi
382 1201 391 1244 ε
412 1183 523 1246 eunde
537 1185 635 1266 prima
651 1184 809 1254 sententia,
826 1184 923 1266 inquit
936 1184 968 1246 S.
984 1184 1067 1266 lig„
1085 1200 1145 1248 non

176 1294 192 1330 s
212 1271 329 1335 videtur
345 1271 417 1335 satis
429 1272 594 1354 probabilis
611 1296 626 1331 a
643 1273 709 1354 (lib.
723 1278 754 1351 ⁹1,
771 1282 807 1336 11⁰
820 1273 905 1355 stt).

212 1363 302 1426 6597.
323 1361 448 1436 Quaeril.
463 1365 498 1428 2⁰
510 1365 556 1425 dn
570 1365 731 1445 suspensio
743 1362 836 1447 possit
849 1362 920 1426 terri
933 1363 975 1426 ob
985 1369 1148 1448 moutam

173 1450 313 1515 reniale?

212 1541 301 1622 Resp.
318 1543 471 1627 Quidquid
495 1543 598 1607 diosnt
610 1543 748 1609 nonnulli
769 1542 852 1626 apud
876 1542 908 1606 S.
921 1543 1044 1626 lignos.
1063 1543 1146 1627 (ia),

175 1641 208 1690 n⁰
222 1631 306 1713 321),
321 1633 421 1697 reribs
434 1639 464 1698 et
474 1633 724 1698 communissime
740 1633 949 1716 teneturqudd
965 1635 1066 1714 gravis
1078 1653 1149 1698 sus·

175 1720 280 1800 pensio
295 1739 357 1786 non
372 1725 465 1805 possit
484 1723 587 1788 inferri
612 1724 670 1788 nisi
695 1723 736 1787 ob
750 1724 877 1786 mortale
889 1729 1060 1805 pensatum,
1076 1723 1150 1806 quia

174 1809 460 1896 culpsdebetpoenae
475 1814 710 1898 proportionsri3
722 1811 974 1876 undenullaesset
986 1813 1150 1895 suspensio

174 1909 273 1991 gravis
298 1911 358 1975 leta
384 1913 424 1976 ob
450 1913 565 1977 veniale
602 1919 778 1994 peecatum
803 1911 828 1974 si
856 1917 960 1974 tamen
986 1909 1151 1992 suspensio

175 2019 238 2066 non
265 2009 343 2066 esset
370 2003 480 2085 gravis,
508 2003 554 2067 vel
581 2003 608 2064 si
630 2007 710 2066 esset
736 1999 774 2064 ed
799 2000 890 2064 breve
919 2007 1059 2082 tempus,
1076 2006 1152 2082 puts

175 2091 213 2154 ed
227 2091 321 2168 diem,
335 2092 382 2154 vel
394 2090 628 2167 hebdomadam,
639 2091 686 2154 vel
698 2091 722 2152 si
737 2097 818 2154 esset
827 2091 928 2154 solnm
939 2089 1073 2152 lerendae
1082 2105 1153 2152 sen·

175 2183 276 2244 semiss
292 2189 396 2244 sinon
423 2181 547 2244 deberet
567 2181 664 2263 inlligi
691 2179 806 2261 absque
832 2181 943 2262 praevit
968 2179 1151 2258 monitione,

176 2267 1151 2352 conceditS.Lignor.quddpossetiules=riobrenielepeeealum3

178 2359 229 2421 sed
245 2375 306 2420 non
330 2357 448 2422 videtur
462 2378 551 2443 posse
564 2359 630 2422 lieri
646 2357 811 2442 prudenter
826 2357 884 2420 nisi
897 2358 929 2421 in
943 2358 1151 2426 monasteriis.

217 2450 248 2516 si
273 2449 346 2513 verd
370 2450 536 2532 Episcopus
548 2447 745 2532 suspensusd
771 2446 999 2530 Pontifieola'daa
1025 2445 1152 2510 missam

177 2539 342 2603 celebraret
365 2541 541 2604 solemniter
554 2540 585 2602 in
599 2544 745 2621 apparatu
759 2537 938 2615 pontificali,
960 2541 1079 2602 eertum
1106 2543 1152 2603 esi

177 2629 416 2710 quddpeooaret3
431 2631 483 2694 sed
492 2629 679 2712 probabilibs
694 2633 822 2710 negatur
835 2625 1153 2710 ipsumirregulsrita·

178 2725 238 2780 tem
266 2719 440 2796 incurrere,
469 2721 541 2802 quia
555 2725 641 2784 estus
655 2716 842 2782 saerilioendi
857 2735 920 2779 non
941 2723 987 2781 ost
1006 2716 1151 2780 substen-

179 2807 287 2870 tiuliler
311 2814 395 2871 aelus
421 2809 623 2889 pontificalis,
654 2809 708 2873 sed
737 2807 837 2890 potius
863 2806 979 2870 ordinis
1005 2805 1151 2869 sacerdo·

115 2917 120 2928 ·
179 2897 244 2960 talis
259 2895 277 2958 d
290 2915 352 2979 quo
371 2897 539 2979 Episcopus
551 2915 613 2961 nou
627 2897 808 2980 supponitur
822 2913 988 2978 suspensus
1003 2913 1011 2958 ε
1028 2905 1057 2959 et
1067 2893 1150 2977 qudd

179 2987 340 3052 celebratio
354 2985 406 3048 fiet
426 2987 458 3050 in
480 2986 725 3064 Pontilicalibus‚
751 3005 805 3070 per
830 2983 971 3049 accidens
993 3003 1027 3048 se
1041 2983 1149 3062 hebet3

180 3077 384 3161 irregularitas
403 3083 583 3141 autemnon
603 3077 766 3142 incurritur
780 3075 837 3140 nisi
851 3075 884 3138 in
905 3073 1048 3140 morellio
1066 3073 1150 3139 solbs

181 3167 333 3249 prohibiti.
346 3165 389 3250 (S.
405 3167 542 3249 Lignum,
553 3167 611 3250 ab.)

211 3275 281 3328 obss.
299 3275 400 3335 doerit.
416 3273 442 3324 ³⁰
451 3274 568 3335 Quanam
579 3273 629 3323 sint
639 3273 814 3339 suspensiones
826 3271 851 3324 in
863 3271 1026 3339 paritoulsrit

212 3349 285 3414 llesp.
303 3348 330 3398 ln
342 3348 449 3400 decursu
466 3347 570 3412 hujusne
582 3345 672 3409 operis,
685 3361 728 3409 pro
740 3346 796 3396 deta
809 3345 940 3398 occasione
957 3353 981 3396 el
992 3345 1017 3396 in
1030 3344 1080 3397 fiae
1089 3343 1148 3398 toral

182 3423 190 3474 l
208 3429 270 3472 mter
288 3426 359 3471 nolas
371 3419 454 3472 Consi.
472 3419 619 3484 apostatico
640 3417 708 3471 Sedis
721 3417 815 3479 affixas,
828 3416 980 3469 suilloienler
996 3417 1075 3468 renisa
1090 3433 1146 3469 sris·

183 3495 312 3612 pensppnss
338 3493 497 3556 exposuimus
521 3507 527 3542 :
547 3492 619 3542 lioeet
641 3491 681 3540 blo
705 3505 843 3541 memorare
865 3491 947 3542 sellun
968 3497 1105 3542 reservatas
1131 3502 1146 3540 ι

203 3577 227 3612 ro
284 3578 291 3610 ι
865 3591 868 3596 n
