2526 3988
442 145 526 222 rrnnn
549 177 679 223 rrnrrus.
737 203 744 209 -
1008 153 1045 228 st

52 295 68 334 r
101 273 143 338 ad
153 275 366 380 exercendum
380 276 599 357 procurationis
612 277 755 357 odicium,
769 279 896 344 idoneus
903 280 993 344 debet
1004 301 1048 346 re-

53 388 71 422 „
103 371 277 518 ἕέἑῖῃὸἔᾶ
290 454 492 537 probibentur
504 458 549 520 21.
565 457 826 522 Excomrnunicsti
835 463 1048 526 excommuni-

55 545 151 608 tione
166 542 279 624 majori
289 546 328 621 (c.
340 544 546 608 Intelleuimus
557 550 588 622 l,
597 545 650 608 lib.
661 549 691 622 ἓ,
704 547 749 609 tit.
761 549 983 628 Decret.);-ll.
994 553 1048 616 llll-

57 651 161 696 nores
176 637 218 696 25
233 633 322 696 annis
334 639 543 715 procuratores
549 633 706 714 iudiciales
724 638 790 700 esse
800 646 954 720 nequeunt
967 642 1045 724 (esp.

57 724 125 798 Qui
139 722 331 805 generaliter
342 726 377 799 5,
392 721 427 785 de
438 742 571 804 procur„
587 723 618 786 in
628 725 792 806 6⁰);—lll.
809 727 937 792 lnlames
952 729 993 812 (c.
1010 735 1046 809 l,

54 830 162 874 causa
177 814 212 884 3,
229 830 261 894 q.
276 813 424 892 'lb—lv.
439 813 584 892 Feminea,
597 831 633 876 ex
645 813 713 895 jure
726 833 853 879 romano
867 817 904 880 sb
917 819 1048 883 Ecclesit

55 900 227 975 admisso,
251 899 355 964 furiosi
368 908 399 964 et
418 901 593 966 surdi-muti
632 921 669 966 ex
683 903 791 967 eodem
801 906 869 985 jure
890 913 921 970 et
933 927 971 971 ex
981 909 1049 990 jure

59 989 228 1068 naturali,
243 989 365 1068 milites,
380 996 439 1054 etc.
455 992 530 1056 Vide
544 1011 593 1076 ap.
610 993 706 1055 Bouix
719 993 771 1068 (ib.
787 1013 818 1074 p.
836 999 914 1075 tila).

105 1084 208 1142 5622.
233 1113 273 1127 -
293 1081 330 1142 V.
353 1080 457 1153 Quoad
475 1080 601 1146 clericos
623 1083 667 1145 sic
683 1080 773 1146 habet
791 1084 951 1166 Gregorius
965 1088 1004 1150 lx
1019 1087 1049 1150 in

61 1171 195 1232 Decret.
220 1187 287 1252 cap.
304 1171 341 1247 3,
362 1171 406 1232 tit.
424 1171 548 1248 37,1ib.
567 1175 578 1233 l
600 1191 607 1233 :
628 1173 734 1234 «Cinn
753 1173 915 1237 sacerdotis
928 1176 966 1238 sit
983 1175 1048 1238 offi-

60 1282 78 1318 s
107 1258 203 1322 cium
217 1257 293 1321 nulli
309 1261 586 1338 nocere,01nnibus
598 1265 699 1324 autem
712 1259 787 1324 velle
798 1262 959 1344 prodesse,
975 1284 1050 1328 non·

62 1371 79 1406 n
109 1348 175 1411 nisi
206 1366 263 1430 pro
286 1349 403 1431 seipso,
429 1349 476 1413 vel
503 1349 627 1414 ecclesia
654 1353 728 1430 sud,
752 1350 798 1414 vel
826 1351 862 1432 (si
890 1355 1048 1417 necessitas

62 1462 80 1498 n
109 1439 288 1518 immineat)
310 1455 365 1521 pro
386 1439 525 1522 personis
545 1439 714 1520 conjunctis
736 1440 1046 1520 aut-miserabilibus,

64 1551 83 1589 r
110 1527 174 1591 sibi
198 1527 312 1590 licitum
334 1534 381 1591 est
398 1529 560 1612 postulare.
584 1529 717 1592 Clericus
733 1536 849 1602 autern,
870 1531 921 1612 qui
944 1539 1049 1610 contra

66 1641 84 1678 n
111 1617 280 1681 ecelesiam
295 1617 313 1680 a
329 1620 389 1700 qut
407 1617 590 1682 beneficium
607 1619 740 1698 obtinet,
763 1637 819 1701 pro
832 1621 981 1684 extraneis
994 1622 1048 1685 ad·

68 1731 85 1767 n
112 1715 242 1770 vocatus
253 1707 297 1770 vel
307 1714 480 1788 procurator
493 1725 558 1770 esse
572 1703 736 1789 praesumit,
748 1713 892 1790 tunquam
903 1709 1048 1792 ingratus,

68 1820 86 1856 ι
113 1797 218 1879 potest
230 1797 372 1875 (maxime
381 1797 405 1858 si
415 1797 541 1860 clericus
551 1799 590 1860 sit
602 1797 737 1878 ejusdem
746 1797 892 1876 ecclesiae)
901 1797 1050 1864 beneficio

71 1911 88 1946 n
115 1886 294 1966 hujusmodi
308 1885 469 1968 spoliari.»

119 1977 156 2036 ln
171 1975 306 2038 Concilio
318 1977 390 2038 verb
403 1975 595 2040 Lateronensi
609 1977 681 2038 anni
694 1980 772 2040 {tre
785 1976 942 2040 decretum
954 1977 1050 2041 tuerat
1099 2049 1102 2056 ,

75 2063 165 2146 quod
181 2081 190 2126 ε
208 2086 224 2124 n
239 2063 344 2128 Clerici
366 2065 397 2126 in
410 2064 627 2128 subdiaconatu
641 2071 671 2128 et
684 2084 776 2147 supra
795 2065 836 2148 let
849 2066 881 2128 in
894 2065 1049 2130 ordinibus

72 2177 90 2214 n
119 2153 1048 2238 quoqueminoribussistipendiisecclesiasticissustententur),

73 2267 93 2304 n
119 2262 226 2308 coram
246 2243 381 2307 seculari
397 2243 498 2325 Judice
519 2243 651 2306 advocati
667 2243 697 2306 in
716 2244 844 2326 negotiis
857 2243 1049 2324 sacularibus

72 2357 90 2393 s
119 2334 188 2398 lieri
203 2352 266 2396 non
276 2339 476 2415 praesumant3
493 2333 550 2396 nisi
560 2333 711 2416 propriam
720 2351 843 2398 causam
856 2335 902 2398 vel
916 2335 1049 2398 ecclesiae

72 2449 90 2490 r
119 2443 185 2488 suae
202 2423 313 2487 luerint
326 2424 491 2506 prosecuti,
510 2431 562 2486 aut
580 2421 656 2486 forto
670 2441 724 2506 pro
743 2423 1049 2488 miserabilibusforte

73 2539 90 2575 s
120 2513 259 2597 personis
268 2531 338 2596 quae
351 2513 486 2596 proprias
494 2531 599 2576 causas
609 2512 816 2576 administrare
826 2531 886 2575 non
898 2519 1045 2594 possunt»

74 2607 158 2687 (cap.
176 2608 213 2681 l,
235 2603 280 2665 tit.
300 2606 356 2680 37,
373 2601 424 2664 lib.
440 2605 457 2664 l
473 2603 612 2682 Deerat).
629 2601 721 2663 Porro
739 2601 895 2682 disciplina
908 2619 963 2683 per
975 2600 1050 2664 duas

76 2692 222 2776 praelatas
240 2691 409 2755 Decretales
428 2696 551 2770 statute,
566 2689 697 2754 nonfuit
714 2689 752 2752 ab
765 2689 898 2752 Ecclesia
916 2697 1049 2754 revocata

76 2783 188 2847 saltem
200 2783 268 2865 lege
281 2780 431 2864 generali:
450 2780 532 2844 unde
545 2775 643 2844 adbuc
661 2780 755 2862 viget;
770 2779 896 2862 proinde
912 2798 921 2842 ε

121 2871 281 2936 villerici
304 2870 437 2933 minores
450 2871 616 2942 ¹seculares
639 2869 814 2952 regulariter
836 2887 902 2934 essa
923 2877 1050 2954 possunt

78 2961 217 3025 advocati
233 2975 343 3024 coram·
346 2959 452 3040 judice
462 2959 676 3036 ecclesiastico,
697 2975 757 3023 noo
771 2967 871 3023 umen
885 2979 939 3042 pro
951 2967 1049 3023 extra-

81 3053 149 3115 neis
162 3056 268 3114 contra
284 3049 440 3113 ecclesiam
454 3051 472 3112 a
485 3051 545 3133 qul
560 3049 741 3113 beneficium
754 3050 959 3112 obtinuerunt.
974 3049 1049 3112 Vide

81 3140 230 3222 quasdam
258 3140 447 3222 exceptiones
477 3157 527 3222 up.
556 3138 860 3221 Schmalzgrueberia
890 3141 928 3203 D.
952 3138 1047 3200 Bouix

81 3231 208 3296 citatum
220 3229 287 3312 (ic,
300 3248 334 3313 p.
350 3231 431 3311 200).

120 3327 155 3384 2⁰
174 3319 269 3384 lidem
287 3319 387 3382 clerici
407 3319 539 3381 minores
557 3319 583 3381 si
600 3318 729 3382 babeant
752 3317 933 3381 beneficium
951 3315 1048 3380 eccle·

81 3411 247 3487 siasbcuor,
267 3410 330 3472 imd
342 3416 373 3472 et
386 3409 576 3491 probabiliter
589 3408 614 3472 si
627 3427 663 3472 ex
677 3408 811 3472 ecclesie
830 3407 917 3469 bonis
931 3412 1044 3470 susten·

82 3509 198 3579 lentur,
214 3517 278 3564 non
291 3505 417 3582 possunt
429 3497 602 3580 regulariter
615 3515 681 3561 esse
690 3496 821 3559 advocati
835 3514 937 3560 coram
947 3495 1049 3576 judice

83 3590 219 3654 saeculari
242 3589 275 3652 in
289 3589 418 3670 negotiis
438 3587 647 3666 sacularibus,
661 3585 720 3648 nisi
733 3585 765 3647 in
782 3585 902 3648 casibus
919 3585 1049 3666 exceptis
