2548 3988
497 301 582 349 Lim
603 305 732 352 TERTIUS.

546 435 629 500 xor.
654 437 676 502 l.

305 550 343 597 nu
364 553 455 601 rums
475 555 668 606 vrnorcxnus
690 560 920 613 srranuxuuus.

168 662 340 724 otus-1.
364 665 408 727 De
424 666 613 731 inhabilitate
633 669 675 732 od
690 673 782 754 officio
797 675 843 737 uel
863 677 1000 761 beneficia
1013 683 1100 747 eccle·

127 749 247 811 riostico
256 769 269 814 .·
282 750 348 814 haec
361 772 450 835 poena
462 775 531 838 quae
544 759 620 822 solet
637 779 702 824 esse
716 761 843 826 effectus
855 766 982 830 oliorum
997 790 1101 852 poenu-

127 855 197 900 rum
207 839 635 924 ecclesiasticorum,videlicet
645 849 852 933 depositionis,
864 855 1100 941 irregularitatis,

127 929 433 1010 etc.,solosclericos,
445 935 470 995 si
479 953 583 998 cusum
594 937 817 1020 irregularitatis
828 943 971 1026 excipias,
983 947 1101 1014 efficere

127 1023 240 1100 potest,
250 1020 321 1082 cum
332 1021 385 1083 soli
395 1022 495 1086 clerici
505 1025 565 1087 sint
577 1029 753 1108 regulariter
763 1031 981 1098 beneficiorum
991 1054 1026 1098 ao
1039 1037 1102 1100 offi-

128 1107 245 1170 ciorum
263 1109 533 1176 ecclesiasticorum
547 1133 689 1197 capaces,
711 1125 744 1181 ut
763 1118 895 1185 diximus
913 1141 1005 1206 supra
1018 1129 1100 1208 (tuo,

127 1199 213 1276 t'lt).
229 1199 303 1261 Item
318 1201 380 1264 sola
395 1201 541 1266 beneficia
554 1214 606 1268 aut
623 1206 721 1270 officio
734 1211 938 1291 acquirenda,
955 1231 1017 1275 non
1031 1217 1102 1279 rerd

124 1283 189 1364 jum
202 1288 349 1370 acquisito
362 1293 537 1370 concernit;
553 1295 635 1357 unde
649 1298 701 1378 qui
716 1297 933 1363 inhabilitatem
947 1303 1101 1385 prefatam

128 1373 270 1452 incurrit,
288 1397 349 1442 non
368 1380 436 1444 ideo
450 1383 558 1446 emittit
571 1384 668 1448 officia
682 1387 728 1449 vel
742 1387 889 1451 beneficia
903 1409 971 1472 quse
985 1394 1101 1476 abipso

128 1461 261 1545 legitime
268 1469 331 1546 jam
341 1469 546 1550 possidentur,
559 1474 612 1536 sed
621 1476 720 1538 solirm
729 1467 855 1532 indubii·
863 1478 893 1541 lit
905 1479 943 1541 ad
953 1499 988 1544 eo
998 1483 1101 1564 acqui-

127 1554 222 1617 renda
231 1575 298 1638 quae
309 1558 445 1622 nondum
455 1559 554 1637 habet,
566 1569 596 1625 et
606 1565 641 1626 ed
653 1581 751 1646 usque
762 1559 906 1640 inhabilis
932 1569 1044 1650 adhoc,
1056 1579 1099 1650 ut,

128 1643 152 1705 si
164 1662 225 1706 non
235 1645 372 1710 obstante
381 1651 436 1712 sud
450 1649 633 1714 inhabilitate
640 1653 677 1714 ad
685 1673 720 1715 ea
730 1663 941 1734 promoveatur
950 1661 1101 1742 acinpos·

127 1733 294 1798 sessionem
308 1753 415 1800 eorum
429 1737 616 1816 immittatur,
631 1747 769 1805 teneatur
778 1745 808 1804 in
817 1747 1014 1823 conscientie,
1032 1757 1101 1813 onte

127 1839 251 1886 omnem
265 1826 459 1902 sententiam,
475 1846 511 1890 ec
523 1827 674 1891 dimittere
684 1849 755 1893 cum
772 1833 916 1895 tructibus
935 1838 1099 1919 perceptis,

106 1915 108 1919 ’
126 1911 217 1974 etiam
228 1917 432 1997 consumptis,
452 1923 541 1999 prout
554 1917 687 1980 diximus
703 1937 793 2001 supra
807 1921 838 1982 in
853 1924 1049 2003 responsione
1062 1925 1100 1989 ud

127 2001 805 2085 Ouaerit.1⁰(631t).tl.StremlerlDesPeiues
819 2009 901 2087 ercle,
913 2031 943 2090 p.
958 2015 1009 2090 31,
1018 2019 1100 2092 ete.).

166 2091 358 2157 totu-11.
382 2095 427 2156 De
443 2096 613 2176 privatione
634 2095 850 2178 beneficiorum,
872 2097 1052 2180 dignitatum
1072 2112 1100 2164 et

126 2183 295 2262 officiorum.
320 2185 364 2246 De
386 2183 559 2266 hujusmodi
579 2189 670 2267 poend
689 2187 784 2249 multo
800 2187 933 2250 diximus
956 2189 1100 2272 inprime

126 2269 203 2335 libro
217 2275 383 2353 (ooo-559).
400 2277 471 2336 Haec
485 2281 585 2338 autem
599 2293 662 2338 non
674 2275 755 2338 cedit
766 2277 824 2339 nisi
838 2279 870 2340 in
883 2277 992 2356 officie,
1008 2279 1096 2346 bene·

127 2359 195 2424 licia
214 2369 267 2426 out
283 2363 443 2444 dignitates
454 2364 518 2444 jem
531 2365 697 2446 acquisita,
714 2383 770 2428 nec
790 2365 919 2428 includit
932 2367 1099 2434 inhabilita-

125 2457 186 2512 tem
211 2452 249 2515 od
273 2452 378 2515 eadem
402 2454 434 2514 in
461 2451 596 2516 futurum
622 2453 807 2536 acquirendo
831 2456 931 2535 (539);
956 2457 1019 2518 imo
1038 2476 1100 2522 non

127 2543 296 2605 necessario
310 2541 400 2605 afficit
412 2543 516 2606 omnia
526 2541 693 2620 beneficia,
708 2541 817 2621 officie,
832 2549 905 2618 etc,
918 2545 981 2622 jam
995 2549 1100 2629 acqui-

126 2630 197 2694 sita:
215 2632 296 2695 unde
317 2632 444 2695 clericus
465 2637 562 2714 potest
582 2631 691 2714 privari
712 2649 775 2695 uno
797 2649 836 2695 ex
852 2632 914 2694 suis
931 2631 1037 2697 officiis
1049 2643 1101 2701 aut

126 2719 298 2800 beneficiis,
313 2722 387 2804 quin
401 2722 468 2784 eliis
480 2721 624 2784 omnibus
633 2721 787 2803 spolietur.

164 2812 221 2884 Qui
235 2820 337 2874 autem
360 2811 439 2874 hanc
456 2829 578 2894 poenam
596 2811 741 2889 incurrit,
758 2810 876 2874 etiamsi
898 2811 929 2874 id
943 2815 1101 2897 contigerit

125 2919 179 2982 per
192 2901 307 2964 crimen
323 2901 372 2964 cui
389 2902 454 2983 ipso
467 2901 545 2964 lacto
565 2907 610 2964 est
624 2919 759 2980 annexa,
781 2919 844 2964 non
862 2906 981 2966 tenetur
997 2911 1100 2968 tamen

126 3007 192 3052 eam
207 2991 314 3073 exequi
325 2997 394 3054 ante
405 2990 586 3054 sententiam
596 2991 701 3053 saltem
710 2989 937 3054 declurutoriam
951 2993 1098 3074 criminis,

126 3083 162 3140 ut
192 3080 434 3160 supradiximus
467 3083 609 3159 (63t0);
638 3079 708 3156 sed,
736 3079 835 3162 inquit
863 3081 1008 3144 Stremler
1027 3082 1100 3162 (Dea

122 3166 444 3252 patescerepar),
456 3170 497 3232 itu
503 3169 680 3232 amittuntur
686 3169 790 3232 titulus
799 3175 830 3231 et
838 3169 1003 3252 proprietas
1012 3169 1101 3233 benc·

125 3253 284 3336 liciorum,
307 3257 494 3339 officiorum,
523 3265 599 3337 etc,
623 3277 679 3341 per
696 3257 810 3320 dictum
834 3259 970 3337 crimen,
991 3263 1041 3335 ut,
1063 3275 1100 3322 eo

124 3346 247 3410 instanti
257 3366 319 3429 quo
325 3349 533 3426 committitur,
544 3348 643 3411 statim
654 3348 719 3430 ipsc
728 3353 849 3424 racent;
860 3353 890 3408 et
896 3352 965 3408 ante
974 3363 1099 3413 omnem

124 3438 301 3500 sententiam
314 3486 323 3517 ,
337 3437 454 3501 valeant
471 3438 584 3518 acquiri
599 3437 638 3500 ab
651 3437 735 3513 aliis3
753 3443 784 3498 et
801 3436 939 3518 quamvis
953 3436 1069 3516 possint
1082 3439 1099 3500 d

123 3544 177 3591 reo
189 3527 316 3590 detineri
337 3525 487 3608 usquead
501 3529 680 3588 sententiam
696 3525 831 3588 criminis
851 3523 1098 3606 declaratoriem,

122 3621 294 3680 tamennon
303 3623 429 3698 possunt
438 3616 476 3678 sb
485 3615 690 3698 ipsoiegitime
700 3614 864 3696 permutari
874 3621 925 3677 aut
934 3613 1097 3696 resignari,

123 3713 153 3769 ot
162 3705 187 3768 si
197 3723 267 3772 reru
276 3706 294 3769 e
303 3703 376 3768 viris
385 3703 549 3768 cedatantc
561 3701 674 3768 dicum
684 3701 875 3778 seutentiam,
887 3698 1096 3784 ipsirrbened·

1262 3181 1265 3273 p
