2462 3984
167 211 227 272 ttl
375 226 510 270 nisurus
529 224 630 272 rorrus
650 225 732 272 runis
754 221 903 270 canonici.

166 327 325 390 ordinariis
345 326 442 390 modis
464 326 645 407 procedendi
665 326 721 388 nisi
747 325 852 388 versus
869 325 909 386 xl
931 322 1092 402 saeculum,
1111 327 1136 384 et

167 415 337 478 introducta
351 413 482 477 nonfuit
496 415 552 476 nisi
567 423 599 477 ut
614 415 651 477 ad
666 413 890 495 inquisitorium
905 431 1082 495 processum
1095 412 1136 472 n'a

168 509 362 566 sterneretur.
377 505 524 566 lmdnon
539 513 584 566 est
601 503 721 585 propria
743 502 852 583 aliquis
875 501 1015 584 specialis
1035 499 1138 563 modus

168 593 372 675 procedendi,
394 592 446 655 sed
460 595 578 656 occasio
598 593 761 680 dqntaxat,
776 594 839 672 qut
858 589 970 672 posita,
984 589 1080 670 judex
1096 589 1138 651 in-

166 677 1138 764 quisitoriumprocessumpotestinchoare.(Bouix,ibr'd.,tom.2,

210 864 300 923 5825.
323 855 386 924 Nec
405 881 442 925 ex
455 861 585 924 textibus
601 861 697 940 iuris,
713 878 772 924 nec
789 877 826 922 ex
840 858 1016 922 auctoritate
1030 857 1094 918 DD.
1109 856 1140 918 li·

125 969 128 976 ’
171 949 264 1031 quidd
282 956 399 1014 constat
418 951 564 1033 quosdam
579 969 644 1012 esse
662 949 700 1012 ad
714 947 955 1012 denuntiandum
971 946 1140 1008 inhabiles:

172 1039 235 1102 imd
249 1058 285 1101 ex
298 1041 516 1103 consuetudine
528 1039 660 1120 generali
671 1040 785 1122 quivis,
800 1039 855 1100 etsi
865 1037 938 1100 alias
952 1035 991 1098 ad
1005 1054 1143 1099 accusso

172 1128 245 1189 dum
261 1129 419 1207 inhabilis,
434 1129 599 1191 admittitur
612 1129 651 1190 ad
670 1127 929 1192 denuntiationem
947 1124 1142 1205 judicialem,

102 1273 108 1284 ,
173 1224 202 1277 et
217 1219 317 1279 revera
332 1219 402 1279 clun
416 1217 543 1296 juridica
556 1217 743 1280 denuntiatio
757 1215 949 1279 sitduntaxat
962 1215 1008 1276 ria
1023 1213 1062 1276 ad
1072 1217 1142 1296 pro·

173 1323 291 1371 cessum
306 1305 549 1387 inquisitorium,
565 1306 758 1389 inquantum
773 1305 885 1368 scilicet
900 1305 964 1387 ipsa
979 1303 1145 1385 suppeditat

171 1393 265 1473 judici
282 1393 393 1456 indicia
406 1413 536 1477 quorum
550 1415 608 1476 ope
622 1396 715 1477 possit
728 1395 758 1456 in
773 1395 947 1476 quempiam
961 1393 1144 1474 procedere,

175 1485 254 1563 parvi
271 1483 360 1544 refert
373 1487 390 1545 b
407 1485 591 1566 quibusnam
605 1483 779 1546 hominibus
793 1483 857 1545 haec
871 1481 980 1544 indicia
996 1481 1052 1563 ipsi
1067 1481 1145 1545 esbi-

18 1625 22 1628 .
74 1635 75 1638 Ἴ
111 1611 113 1616 -
175 1571 312 1633 beantur.
329 1575 434 1653 Neque
455 1574 543 1652 objici
559 1579 657 1654 potest
672 1571 754 1654 qudd
768 1571 950 1634 denuntians
963 1573 1091 1652 possita
1101 1569 1145 1650 ju·

175 1659 240 1720 dice
259 1661 288 1720 in
302 1661 450 1740 judicium
471 1663 569 1736 ‚vocari
584 1662 622 1724 ad
635 1660 874 1724 confirmandam
894 1677 979 1722 suam
994 1659 1146 1729 denuntia

55 1775 63 1788 ·
175 1749 289 1809 tionem
306 1768 314 1810 :
331 1768 402 1810 nam
417 1751 470 1812 etsi
485 1749 631 1812 inhabiles
641 1769 703 1811 non
718 1750 832 1830 possint
846 1747 961 1810 admitti
973 1748 1003 1809 in
1015 1749 1144 1828 judicio,

176 1847 300 1918 possunt
327 1843 428 1900 lamen
456 1845 525 1901 ante
553 1857 729 1918 processum
753 1837 886 1899 indicare
904 1836 998 1916 iudici
1026 1837 1146 1900 idoneos

175 1934 265 1988 testes
277 1925 394 2008 aliaque
408 1928 519 1990 indicia
532 1927 642 2010 quibus
659 1926 803 1990 delictum
816 1927 924 2006 poterit
942 1925 1053 1987 deinde
1063 1927 1147 2008 pient

112 2087 115 2092 ἱ
176 2015 307 2096 probari.
325 2017 399 2079 Vide
410 2017 517 2094 Bouix,
537 2016 624 2094 ibid,
639 2035 670 2097 p.
686 2019 799 2076 sta-c
813 2015 836 2076 11
851 2022 895 2076 est
910 2014 1036 2092 certain,
1053 2016 1148 2098 inquit

177 2128 191 2159 n
217 2105 361 2168 Stremler
383 2107 449 2184 (Des
474 2106 575 2167 Pelnes
589 2105 761 2182 ecclesiast,
783 2124 814 2186 p.
837 2104 897 2182 93),
918 2121 977 2184 que
991 2105 1108 2166 suivant
1122 2105 1147 2166 la

177 2215 191 2249 n
217 2196 354 2276 prolique
381 2194 521 2274 generale
541 2191 595 2254 des
619 2193 779 2255 tribunaux
803 2192 1058 2273 ecclesiastiques,
1083 2201 1148 2255 tous

177 2304 192 2339 r>
217 2282 473 2344 indistinctement
487 2287 554 2342 sont
573 2279 670 2343 admis
692 2279 884 2361 auiourd'hui
902 2282 919 2342 a
934 2281 1007 2343 faire
1021 2300 1084 2344 une
1096 2281 1146 2344 ds-

177 2391 192 2428 n
217 2369 387 2432 nonciation
398 2369 593 2450 judiciaire.n

217 2462 305 2521 5826.
330 2459 434 2532 Quoad
452 2464 554 2522 aulem
572 2457 680 2521 delicta
700 2478 769 2541 quae
785 2458 964 2543 judicialiter
978 2457 1147 2522 denuntiari

177 2555 322 2629 possunt,
346 2555 507 2630 sequentes
526 2548 639 2629 regular.
653 2555 722 2610 sunt
742 2547 936 2610 observanda
952 2566 960 2609 ε
977 2551 1008 2610 1⁰
1029 2549 1146 2612 denun-

176 2637 241 2697 tiari
257 2644 354 2718 potest
367 2637 529 2715 delictum,
546 2636 584 2698 de
598 2637 728 2718 quoiam
743 2637 822 2698 sama
836 2637 953 2716 existit,
965 2636 1082 2700 etiamsi
1096 2637 1146 2700 de·

178 2726 320 2786 nuntians
334 2743 396 2786 non
416 2725 511 2787 valeat
531 2724 606 2788 illud
624 2724 751 2806 probare
767 2744 775 2786 :
791 2725 895 2806 regula
915 2724 982 2787 haec
1003 2733 1147 2808 tanquam

178 2820 257 2874 corta
277 2819 322 2874 est
341 2812 498 2890 habenda,
521 2813 593 2894 quia
610 2813 798 2894 praecedonte
817 2813 896 2875 lama
914 2813 1035 2888 delicti,
1056 2815 1146 2894 judex

178 2907 274 2982 potest
288 2901 515 2982 inquisitionem
527 2900 638 2980 lacera,
654 2921 711 2965 nec
720 2901 842 2965 aliunde
855 2903 887 2964 in
897 2921 969 2966 casu
985 2901 1147 2968 diffamatio

177 2997 221 3052 est
233 2988 377 3052 timenda.

217 3083 307 3142 5827.
327 3115 364 3126 -
377 3083 410 3141 2⁰
429 3079 586 3143 Probabile
608 3087 653 3144 est
673 3080 754 3163 qubd
772 3079 954 3161 judicialiter
975 3081 1145 3148 denuntiari

17 3147 18 3150 ¹
179 3187 239 3231 non
254 3167 347 3250 possit
359 3167 503 3231 delictum
522 3169 693 3248 occultum,
714 3169 829 3232 etiamsi
845 3176 945 3251 posset
958 3171 1091 3252 probari.
1107 3177 1146 3236 ila

25 3237 26 3240 Ἴ
55 3247 56 3252 ’
179 3257 322 3320 Glossain
337 3276 403 3339 cap.
416 3261 467 3334 bl,
482 3259 527 3320 tit.
547 3261 574 3334 l,
590 3257 642 3323 lib.
658 3262 676 3321 5
691 3260 819 3335 Decret,
829 3257 918 3322 v⁰Ad
929 3259 1144 3344 inquinandam,

32 3353 41 3392 l
179 3347 228 3407 ubi
243 3347 314 3408 dicit
330 3365 337 3407 ε
358 3369 373 3404 n
387 3348 555 3428 Cognoscat
563 3347 664 3427 primd
668 3347 762 3428 judex
772 3355 873 3410 utrum
888 3347 1104 3432 (denuntiatus)
1112 3353 1146 3414 sit

45 3477 49 3514 :
178 3455 193 3491 u
219 3433 413 3496 infamatus...
431 3435 511 3496 alias
527 3453 588 3497 non
601 3435 755 3516 procedat,
767 3435 824 3498 nisi
833 3437 932 3519 primo
941 3445 1061 3502 constet
1069 3439 1145 3522 qudd

22 3519 58 3600 'js
179 3541 194 3580 s
219 3519 257 3580 sit
269 3519 440 3584 infamatus.
456 3543 471 3581 n
489 3525 532 3584 lta
552 3523 641 3586 etiam
656 3526 688 3586 S.
709 3525 830 3604 Liquor.
853 3526 921 3608 (lib.
941 3531 980 3604 l,
997 3547 1031 3590 n⁰
1045 3534 1104 3592 atu
1118 3531 1145 3589 in

179 3606 260 3684 fiac).
278 3609 420 3670 attamen
431 3609 557 3686 questio
571 3615 811 3686 controvertitur,
826 3615 994 3689 prasertim
1007 3615 1032 3678 si
1046 3623 1144 3698 agatur
