2462 3984
209 233 265 295 tes
435 246 570 294 aaronis
589 243 790 294 corruscante
810 244 958 293 canonici.

208 347 245 410 de
266 343 482 430 impedimento
500 346 594 428 qudm
606 343 646 407 de
665 343 821 408 existentit
839 348 1012 410 contractus
1025 347 1167 410 matrimo·

208 434 307 498 nialis.
331 437 457 516 Propter
470 432 608 496 eamdem
622 432 788 510 rationem,
804 433 828 495 si
853 433 999 515 allegetur
1017 434 1115 518 aliqua
1127 455 1169 499 ex·

207 525 305 606 ceptio
325 521 479 600 dilatoria,
494 521 670 604 regulariter
690 520 818 604 proponi
834 520 973 585 debetne
994 523 1101 586 discuti
1115 526 1169 588 hac

206 619 342 695 exceptio
365 617 527 694 antequam
549 612 729 693 procedatur
752 607 790 670 nd
814 611 970 692 negotium
994 613 1169 693 principale,

206 721 279 765 eum
299 701 480 766 subsistente
493 698 920 782 haeexoeptione,.inunliter
933 705 964 762 et
984 719 1065 784 saepe
1088 703 1170 766 nulli·

207 796 253 853 ter
272 789 487 874 procederetur
507 789 538 852 in
552 791 643 852 eausa
662 787 832 870 principali.
848 788 934 870 (Vide
948 787 1121 871 nerdense,
1136 791 1170 854 ue

206 879 353 961 Iudiciis,
367 880 413 945 tit.
431 883 484 959 lo,
499 877 540 943 nl·
552 881 653 956 l-ll.)

207 1003 210 1018 ·
246 973 336 1034 5933.
358 1003 399 1017 -
417 971 468 1032 IV.
492 968 536 1032 De
549 969 683 1030 examine
697 967 753 1030 rei.
781 969 906 1030 Summi
922 970 1095 1032 maturitate
1108 988 1170 1051 pro·

207 1058 376 1124 cedendum
390 1056 486 1121 estad
499 1057 543 1119 rei
558 1075 683 1119 examen
697 1103 705 1130 ,
720 1057 792 1119 cirm
806 1055 881 1120 illud
894 1057 933 1118 sit
945 1055 1170 1121 fundamentum

207 1147 361 1210 sentcntiae
372 1147 516 1228 deinceps
529 1145 729 1228 proferendae.

247 1237 369 1309 Ouaerit.
387 1237 474 1298 l⁰lln
488 1241 702 1297 reosteneatur
709 1233 803 1315 judici
814 1235 997 1299 laterisuum
1011 1235 1172 1299 delictuml
1214 1223 1216 1226 ⁵

245 1327 336 1408 Resp.
352 1324 407 1387 Vel
418 1323 511 1404 iudex
528 1323 661 1404 legitime
674 1325 858 1408 interrogat,
873 1324 919 1388 vel
934 1343 998 1387 non
1013 1343 1022 1386 :
1044 1326 1070 1387 si
1086 1334 1172 1407 poste

206 1414 281 1494 ribs‚
294 1421 377 1478 extra
399 1413 632 1476 controversiam
646 1419 690 1475 est
706 1431 767 1476 non
781 1415 876 1476 teneri
890 1421 964 1478 tunc
975 1415 1170 1496 responderc;

206 1504 313 1567 sivero
327 1503 429 1585 prius,
451 1503 636 1565 unanimiter
657 1501 950 1566 dicuntlll).1eum
972 1505 1070 1568 teneri
1092 1523 1172 1568 suum
1214 1577 1215 1580 Ἴ

206 1593 321 1656 crimen
335 1591 419 1655 lateri
434 1592 458 1654 si
474 1609 511 1653 ex
524 1589 713 1654 confessione
724 1609 844 1673 grauem
859 1609 981 1673 poenam
996 1611 1058 1654 non
1074 1591 1172 1655 habeat
1214 1589 1216 1660 ἶ

206 1682 262 1746 sibi
282 1679 526 1745 formidandam:
549 1681 580 1742 in
595 1684 649 1742 sua
670 1679 793 1742 Constit.
810 1679 950 1756 Paterno,
972 1699 1029 1764 pro
1050 1683 1172 1745 Jubiloo
1215 1741 1216 1746 ,

206 1775 302 1850 libo,
318 1770 431 1834 Bened.
454 1771 539 1848 XlV,
562 1767 664 1831 dando
677 1768 867 1832 confessariis
889 1768 1060 1832 facultatem
1087 1771 1172 1834 absol-

205 1859 293 1924 vcndi
307 1867 469 1922 carceratos
479 1877 601 1940 quorum
617 1857 887 1921 criminotcscousoe
900 1857 1028 1920 nondum
1041 1861 1172 1923 concluso

204 1959 290 2030 sunt,
306 1949 407 2030 adjicit
422 1969 430 2011 ι
446 1970 462 2008 o
478 1946 583 2010 lisdem
596 1947 673 2008 occid
684 1946 857 2024 admonitis,
872 1947 911 2010 dc
924 1947 1110 2030 obligatione
1120 1953 1172 2031 qul

204 2063 219 2099 a
244 2047 385 2102 tenentur
395 2036 570 2118 judicibus,
590 2053 682 2116 super
695 2053 802 2098 corum
820 2035 937 2099 delictis
956 2035 1092 2119 legitima
1113 2058 1172 2102 auo

204 2151 219 2188 a
243 2129 360 2192 toritate
374 2145 426 2190 eos
439 2124 710 2207 interrogantibus,
725 2125 878 2188 veritatem
893 2125 1021 2209 aperire,
1035 2129 1172 2210 quodque

204 2241 219 2278 a
243 2219 301 2280 boo
314 2217 407 2279 animi
421 2215 575 2297 proposito
598 2219 755 2291 carentes,
771 2213 992 2278 absolutionem
1005 2233 1172 2281 sacramen-

203 2329 219 2367 υ
243 2307 351 2380 talem,
366 2303 451 2366 nullo
464 2303 578 2381 fructu,
593 2303 668 2384 quin
683 2302 785 2386 potius
799 2305 906 2385 majori
923 2305 1098 2369 animarum
1110 2326 1172 2371 sua·

204 2418 219 2454 o
243 2413 312 2458 rum
325 2393 439 2456 damno
452 2391 650 2474 susciperent.
666 2413 682 2452 a

242 2487 331 2549 5934.
355 2481 413 2547 Sed
425 2481 499 2564 quid
516 2480 555 2544 de
568 2499 641 2544 casu
654 2499 717 2563 quo
738 2499 849 2564 magna
871 2501 962 2566 poena
976 2483 1172 2550 immineret?

201 2577 321 2638 -Non
341 2571 525 2636 concordant
539 2571 571 2633 in
585 2571 644 2634 hoe
657 2573 721 2634 DD.
738 2590 746 2632 ε
761 2571 811 2633 alii
826 2572 909 2635 enim
926 2591 998 2636 cum
1012 2575 1044 2637 S.
1060 2575 1173 2638 Thomt

203 2665 244 2746 (2,
260 2667 291 2740 2,
313 2683 345 2745 q.
361 2665 417 2740 69,
433 2667 489 2724 art.
505 2663 538 2739 l,
554 2659 593 2722 ad
605 2664 636 2738 2)
649 2659 799 2723 affirmant
812 2678 899 2724 reum
913 2663 1008 2724 teneri
1022 2661 1060 2725 ad
1074 2663 1171 2727 delicti

201 2752 248 2815 sui
269 2751 508 2825 contessionem
523 2756 554 2812 et
566 2747 645 2812 banc
658 2749 837 2812 sententiam
852 2751 884 2814 S.
910 2750 1034 2831 Liguor.
1050 2753 1117 2832 (lib.
1133 2758 1170 2830 l,

200 2846 236 2903 n⁰
257 2843 327 2919 tlt)
340 2845 425 2902 vocat
438 2837 683 2920 probabiliorem.
709 2838 768 2900 Alii
781 2840 852 2901 verd
871 2849 999 2920 pegam,
1023 2847 1054 2904 et
1067 2859 1170 2905 eorum

200 2929 379 2994 sententiam
392 2927 474 2990 idem
488 2927 519 2990 S.
530 2927 689 3008 Lignorius
703 2927 774 2990 satis
788 2927 975 3008 probabilem
988 2927 1076 3008 dieit;
1092 2931 1170 2993 unde

200 3037 274 3084 essu
290 3036 352 3101 quo
364 3034 454 3094 reus,
476 3015 593 3079 crimen
608 3034 698 3079 suum
720 3015 861 3094 latendo,
885 3016 1079 3082 damnandus
1097 3025 1170 3081 esset

201 3109 399 3186 ladmonem,
414 3112 465 3169 aut
479 3104 616 3170 triremes
626 3153 634 3184 ,
644 3111 697 3168 aut
704 3123 856 3168 carcerem
870 3113 1058 3188 perpetuum,
1074 3107 1120 3172 vel
1135 3107 1169 3172 ad

199 3198 391 3263 amissionem
403 3194 542 3258 omnium
555 3194 723 3274 bonorum,
735 3194 782 3256 vel
791 3195 883 3258 totius
894 3195 983 3258 lamae
995 3201 1027 3258 et
1036 3196 1168 3273 honoris,

200 3307 263 3352 non
276 3286 392 3350 videtur
405 3283 586 3366 obligandus
605 3282 643 3345 ad
667 3282 746 3346 hano
763 3283 1004 3364 confessionem,
1029 3287 1085 3348 nisi
1098 3293 1169 3349 tunc

198 3377 281 3440 illam
301 3376 435 3457 exigeret
457 3371 619 3436 necessitas
632 3371 702 3434 boni
718 3373 910 3450 communis,
927 3373 952 3438 si
975 3394 1084 3459 nempe
1097 3394 1168 3458 pro-

198 3464 290 3528 dandi
303 3472 404 3526 essent
424 3463 496 3526 socii
512 3461 648 3524 criminis
662 3459 692 3523 in
706 3479 779 3525 casu
792 3461 942 3527 hereseos
954 3465 1000 3528 vel
1017 3464 1093 3529 laeaae
1108 3483 1168 3528 me

196 3553 322 3634 jestatis,
331 3558 391 3614 etc.
408 3552 503 3616 :ratio
515 3551 587 3633 quia
600 3550 684 3613 aliter
698 3557 743 3614 sat
756 3558 801 3614 est
814 3551 969 3634 probabile
983 3553 1066 3637 quod
1077 3553 1167 3635 judex

199 3657 262 3704 non
276 3638 441 3719 habentius
453 3639 493 3704 ad
506 3639 585 3703 hane
597 3639 821 3706 contessionem
840 3641 1042 3724 exigendam
1057 3651 1086 3708 ct
1097 3642 1166 3706 ideo
