2462 3984
176 115 216 178 Μ
401 117 539 164 ΙΑΝΰΑῑΕ
559 116 660 163 somus
678 115 760 162 sums
780 112 928 161 canonici.

179 236 193 274 o
218 213 379 297 deinceps,
402 213 537 296 partibus
552 213 670 276 licentia
689 211 854 288 tribuatur,
871 207 1027 290 negotium
1040 205 1158 272 diutins

179 325 195 366 a
220 303 359 386 protelari
373 303 539 385 contingat.
555 325 571 362 n
591 305 671 383 Engo
683 308 730 373 bis
745 307 774 364 st
793 317 854 362 non
869 298 946 361 ultra
961 297 1029 362 licat
1052 316 1160 380 repro-

180 391 252 456 bare
266 393 363 456 varios
376 398 467 455 testes
481 410 536 474 pro
550 397 580 454 et
592 397 696 454 contra
709 389 814 452 allatos
827 388 859 450 in
873 386 980 450 eadam
993 389 1102 451 eausa.

221 485 312 544 5725.
335 479 458 556 Ouarit.
476 485 509 543 5⁰
522 483 568 543 An
582 485 613 543 ot
626 477 782 561 quomodo
794 482 933 541 teneatur
945 476 1030 540 tostis
1042 475 1162 559 apeme

183 571 337 634 venitatem
351 570 383 634 in
394 570 533 650 judicio?
989 635 992 642 ‚

223 661 314 742 Resp.
325 660 433 724 'sonori
442 659 566 742 quidem
578 663 687 722 testem
700 656 854 721 venitatem
863 654 980 740 aporire
993 655 1163 738 injudicio,

184 747 208 812 si
220 747 316 829 judex
329 748 461 830 legitimo
475 747 653 830 interroget,
669 753 700 810 ot
712 745 750 808 nd
769 745 800 808 id
814 751 934 809 tenetur
947 746 1029 809 cento
1042 764 1083 810 ex
1098 745 1166 809 obs

185 837 510 902 dinatio-Ananiam
520 837 609 900 etiam
624 841 761 898 teneatur
774 853 812 898 ex
822 835 1032 916 iustititoujus
1044 833 1167 898 violatio

187 927 225 989 ad
239 927 457 992 restitutionem
470 925 606 1010 obliget?
625 925 878 1004 Controventitun,
901 923 954 988 sod
969 924 1166 989 communiis

187 1022 217 1078 ot
230 1015 415 1099 probabitins
426 1024 563 1098 negatur.
580 1016 623 1094 (S.
639 1014 777 1096 Lignum,
792 1013 833 1076 tib
859 1017 894 1084 4,
913 1031 947 1076 n·
957 1017 1040 1093 270.)

229 1110 319 1168 5726.
342 1105 424 1168 Noto
446 1104 528 1186 quod
550 1103 604 1167 atsi
627 1103 762 1168 Ecclesia
786 1101 880 1165 soleat
906 1103 1024 1166 tantam
1047 1100 1168 1166 hot-tare

191 1200 280 1258 testes
295 1200 328 1258 ut
342 1193 439 1257 ferant
451 1193 680 1272 testimonium,
696 1209 759 1256 non
773 1193 845 1255 veno
858 1209 979 1273 engere,
994 1196 1133 1256 attamen
1145 1193 1167 1254 si

190 1283 247 1345 alia
260 1282 337 1346 desit
349 1282 486 1366 probatio
495 1281 577 1346 undo
590 1282 698 1346 veritas
708 1281 792 1344 nosci
806 1281 954 1364 potuerit,
965 1280 1061 1362 Judex
1077 1281 1169 1346 soolo

192 1371 327 1435 siastious
349 1377 447 1455 potest
466 1371 578 1435 isinum
600 1369 998 1456 perexoommuninationis‚
1021 1370 1167 1434 alericum

190 1461 261 1524 vano
283 1479 337 1544 per
362 1459 569 1544 suspensionis
595 1459 862 1525 comminationem
882 1477 990 1542 cogere
1016 1459 1168 1544 andepo

197 1549 332 1612 nendum
346 1569 354 1611 ε
366 1549 430 1612 etsi
439 1548 537 1613 adhuc
547 1559 692 1629 tenuant,
704 1549 775 1612 ferri
785 1554 881 1633 potest
894 1551 1041 1613 sententia
1049 1567 1168 1614 exonio

195 1638 412 1705 manicationis
429 1647 460 1701 et
473 1639 700 1722 suspensionis,
715 1657 783 1722 cap.
800 1641 829 1718 t,
844 1643 875 1717 Ξ,
890 1642 929 1720 5,
943 1643 963 1704 9
979 1639 1014 1703 de
1038 1637 1169 1703 Testibns

193 1726 338 1810 cogendis.
359 1726 435 1790 Vide
455 1728 575 1806 Devoti,
590 1728 644 1791 lib.
659 1731 697 1804 3,
717 1729 764 1790 tit.
780 1731 816 1807 9,
834 1727 853 1810 ἓ
871 1729 927 1806 113
951 1734 982 1793 ot
999 1729 1166 1806 Reiffenst„

195 1815 240 1880 De
252 1815 392 1896 ludiciis,
408 1834 478 1900 pars
491 1820 521 1896 2,
538 1815 596 1879 tm
607 1821 637 1896 2,
653 1816 698 1879 tit.
715 1821 766 1894 at,
783 1815 824 1878 n‘·
840 1821 924 1882 t-tio.

235 1908 326 1968 5727.
347 1906 378 1968 Si
388 1905 482 1986 judex
497 1924 560 1968 non
574 1907 737 1987 interroget
751 1907 903 1988 legitimo,
919 1909 1001 1972 testis
1015 1927 1080 1974 non
1091 1915 1168 1974 tona

194 1999 244 2058 tun
258 1995 286 2057 ei
306 1993 391 2059 satori
411 1995 581 2074 veritatem,
596 2002 627 2058 et
646 2001 759 2077 potest,
779 1996 961 2060 etiamnum
979 1999 1167 2078 juramento,

194 2085 278 2165 iuxta
298 2087 329 2148 S.
355 2085 491 2166 Ligno„
520 2084 758 2168 responderene
782 2086 894 2148 oimeo
916 2087 1026 2150 nesciis
1047 2088 1113 2169 (tib.
1137 2091 1167 2165 t,

197 2175 230 2236 n⁰
243 2177 325 2252 265).

237 2266 327 2326 5728.
350 2261 496 2343 Legitima
514 2267 616 2325 autam
634 2275 728 2343 Jnnox
755 2263 919 2346 interrogat
938 2263 1061 2348 quondo
1091 2265 1169 2331 adest

200 2350 384 2432 semi-piena
398 2350 553 2432 probatio,
568 2352 593 2413 si
608 2369 718 2434 nempe
732 2349 770 2414 sit
791 2371 871 2418 unus
884 2355 967 2416 testis
978 2353 1018 2417 do
1030 2355 1115 2436 visu,
1128 2352 1169 2416 vel

198 2439 304 2502 auditu
318 2441 452 2522 proprio,
469 2440 515 2502 val
529 2440 554 2502 si
568 2439 666 2503 adsint
681 2442 858 2518 notoriatas,
872 2451 925 2506 aut
938 2443 1060 2506 infamia
1070 2441 1169 2507 orimi-

200 2529 265 2607 nis,
286 2530 332 2594 vet
354 2529 464 2593 indioia
487 2529 654 2609 evidentia,
677 2530 724 2592 vel
745 2529 771 2593 si
791 2538 947 2594 aecusator
967 2550 999 2596 se
1017 2529 1168 2596 offerant

199 2617 344 2681 delictum
364 2618 501 2700 pluribus
517 2619 643 2682 testibus
657 2618 858 2701 probandum.
874 2619 966 2692 Alias,
981 2621 1082 2704 inquit
1095 2622 1169 2685 idem

201 2708 233 2770 S.
249 2707 371 2789 Liguon.
393 2711 438 2786 tn·
451 2711 532 2788 266),
548 2709 664 2771 etiamsi
680 2708 782 2792 plures
804 2715 894 2773 testes
911 2709 1011 2773 adsint
1021 2710 1061 2774 do
1073 2710 1169 2794 atiquo

203 2795 347 2874 crimme,
368 2814 459 2858 nemo
479 2815 586 2860 sonum
604 2803 757 2862 teneretur
769 2799 911 2862 revelare.
928 2801 958 2862 Si
972 2801 1042 2862 vero
1055 2817 1171 2865 socom·

202 2889 250 2946 tor
272 2901 371 2948 unum
393 2891 500 2947 testem
522 2887 640 2948 tantiam
671 2888 792 2966 afferat,
816 2888 1045 2952 controvertitur
1073 2898 1169 2954 utrum

202 2973 258 3036 isto
288 2973 397 3037 unicus
427 2975 510 3037 testis
542 2980 681 3039 teneatur
707 2977 862 3041 veritatem
897 2977 1112 3059 manifestar03
1144 2983 1170 3042 et

204 3061 356 3126 sententia
378 3081 493 3146 negans
512 3071 635 3128 vocatur
657 3063 840 3148 probabilior
860 3068 879 3130 it
901 3067 934 3131 S.
962 3067 1085 3152 Liguon.
1111 3067 1167 3150 (ii,

205 3161 238 3214 ιιο
253 3155 322 3233 aot)
337 3169 346 3215 ι
360 3170 397 3216 ox
412 3151 459 3215 his
472 3153 618 3217 conclude
632 3154 714 3237 quod
728 3159 762 3218 ut
777 3155 861 3218 testis
873 3161 1010 3220 teneatur
1022 3158 1168 3222 veritatem

206 3243 322 3325 aperire
338 3290 347 3320 ,
366 3242 558 3326 «requiritur
571 3249 605 3306 nt
618 3243 755 3321 infamia,
770 3243 815 3306 vot
829 3245 1005 3328 sami-plena
1027 3248 1166 3330 probatio,

206 3351 222 3390 n
246 3331 292 3393 vot
313 3331 459 3395 indicia...
476 3333 536 3394 sint
552 3332 615 3412 jam
639 3332 775 3414 probata,
791 3339 821 3396 ot
841 3334 977 3413 ojudioe
990 3337 1057 3400 testi
1077 3335 1167 3402 moni-

207 3437 223 3477 ι
247 3417 408 3498 instantor,
424 3421 481 3482 nisi
494 3425 610 3482 constet
620 3421 828 3502 judicemosso
839 3423 970 3508 probum
980 3431 1013 3490 ot
1023 3435 1167 3491 asseras

209 3526 224 3568 a
249 3505 380 3586 legitimo
394 3508 588 3588 interrogare.
602 3530 619 3570 a
