2572 4006
166 271 171 282 .
240 223 287 278 080
961 229 1011 286 il'l

239 339 350 386 mentum
379 333 516 397 dirimens,
547 335 608 388 1110
632 351 639 388 r
667 336 723 388 vida
747 349 792 402 pus
813 335 983 406 abepiscopo
1010 344 1216 408 depotatuadebct

238 414 331 464 Marus.
746 429 798 465 suaa
811 415 976 482 deputationis
986 417 1215 486 litterasostcndere,

269 493 325 546 lusa
358 509 401 546 seu
429 496 566 564 recognitio
605 497 722 564 Rescrip-
744 493 799 543 915.
811 494 1013 563 Quonampo'enrs
1022 501 1216 556 deoreteiuerinl

239 580 318 626 torum
354 574 538 642 pontificiorum
567 577 619 628 dari
648 577 722 630 debet
744 583 829 627 contra
842 579 942 646 eosqui
960 580 1124 634 visitationem
1144 585 1216 653 impe·

233 657 268 710 ab
282 657 412 710 Ordinatio
431 665 563 728 antequam
581 661 720 712 executioni
744 657 838 723 dirent,
861 660 917 712 915.
939 661 1002 722 Quid
1024 667 1123 734 exigere
1148 671 1217 735 possit

244 740 398 802 mandentur,
414 740 457 802 10,
470 741 540 793 toot.
744 739 871 804 visitator,
890 743 947 794 916.
967 745 1043 797 Debet
1061 747 1219 802 visitationem
1272 803 1273 824 ,

267 821 543 888 lisiniarum-aquo
553 819 721 874 iuorintiusti-
743 823 858 887 expedire
869 825 997 888 celeriter,
1011 828 1066 879 011.
1078 830 1115 880 Ab
1129 831 1219 896 Episco-
1272 827 1273 856 ³

238 900 399 960 ruta-'ttae
743 916 774 966 po
787 901 1159 974 eligiposeuotoonvisitatores,
1169 912 1219 962 918.
1272 949 1273 982 3

268 979 387 1031 Vistrnrtt
399 989 521 1030 utfficssts.
533 1007 563 1018 -
579 977 644 1039 Quid
654 978 686 1029 sit
697 985 721 1030 at
742 981 778 1031 dn
791 981 900 1035 vicarius
912 985 1058 1053 Capitularis
1069 989 1149 1056 possit
1160 991 1219 1042 dio-

237 1059 268 1112 ad
280 1075 353 1126 quern
367 1059 440 1110 finem
454 1060 565 1111 instituta
580 1057 612 1110 sit
623 1059 721 1126 episco-
744 1062 818 1113 oesim
831 1064 944 1126 visitare,
964 1067 1037 1120 tato.
1050 1069 1085 1120 lie
1104 1087 1220 1123 cammo-
1272 1101 1273 1110 1

237 1142 298 1210 palis
317 1142 431 1194 dioecesis
443 1143 568 1205 visitatio,
588 1142 642 1194 897.
657 1141 720 1202 Qui·
743 1142 788 1192 niis
800 1149 860 1195 tuno
872 1144 1032 1198 observandis
1049 1155 1075 1200 et
1089 1149 1120 1202 de
1132 1167 1220 1218 procu·
1272 1171 1273 1232 p

236 1222 340 1274 bosnam
362 1226 486 1286 competat
507 1221 549 1288 jus
569 1226 593 1272 et
611 1225 719 1286 poteslas
742 1224 983 1292 rationeexigeudl,
996 1228 1066 1280 1810.

236 1299 366 1362 visitandi,
380 1299 433 1351 898.
447 1301 547 1360 Quoties
562 1299 675 1352 diaecesis
687 1301 720 1352 sit
773 1305 891 1358 Vismarto
914 1307 1006 1375 (pvood
1032 1311 1181 1380 religiosor.)
1195 1345 1217 1354 -

237 1383 268 1434 ab
281 1380 401 1448 Episcopo
413 1380 548 1442 visitanda,
564 1381 617 1434 899.
630 1383 666 1431 dn
679 1381 718 1433 le·
742 1385 805 1446 Quid
824 1388 997 1454 praescribatur
1019 1391 1084 1444 circa
1102 1395 1225 1449 visitatio·
1272 1383 1273 1464 l

234 1463 319 1530 gitima
332 1461 409 1528 possit
421 1478 475 1514 esse
490 1463 645 1514 consuetudo
657 1462 717 1514 visi·
741 1482 796 1517 nem
810 1469 963 1531 monialium,
987 1470 1059 1523 9966.
1083 1475 1224 1544 Quotuplox

235 1546 302 1596 tandi
316 1545 717 1612 dioecesimrariirsqurimprrcoi-
740 1548 772 1597 sit
794 1549 909 1612 visitatio,
939 1552 1010 1605 8961.
1035 1555 1154 1615 Quanam
1178 1561 1226 1611 sint

235 1626 270 1692 pit
287 1624 458 1676 Tridentinum
468 1663 475 1685 ,
487 1625 542 1678 900.
555 1627 592 1677 dn
612 1625 717 1694 Episoo-
740 1641 818 1692 poenae
830 1633 915 1680 contra
925 1630 1088 1699 impedientes
1107 1637 1232 1691 visitatio,

235 1717 280 1770 pus
293 1707 406 1754 teneatur
416 1702 548 1770 praedicare
561 1704 586 1755 in
600 1705 716 1756 visitatio·
739 1722 806 1768 nem,
815 1708 927 1761 9968111
937 1718 962 1763 et
971 1719 1093 1778 quatenus
1107 1718 1225 1786 Superior
1272 1749 1273 1790 p

235 1799 281 1845 ne,
299 1783 354 1834 901.
374 1782 491 1846 Quanam
504 1783 557 1836 loca
570 1792 595 1836 ct
607 1801 716 1852 personae
740 1791 859 1856 regularis
872 1797 985 1845 teneatur
1003 1796 1104 1852 visitare
1122 1817 1223 1852 monas·
1272 1807 1273 1868 1

234 1863 367 1916 visitationi
395 1865 563 1932 subjaceant,
599 1867 653 1918 909.
680 1869 716 1920 du
741 1871 799 1922 teria
824 1888 876 1925 suro
892 1875 1118 1946 congregationis,
1146 1881 1218 1934 3051·
1272 1881 1273 1902 ³

234 1961 345 2013 personae
367 1953 485 2013 exempta
504 1946 648 2015 subjaceant
668 1949 716 2000 oli·
739 1953 809 2004 3068.
821 1953 884 2016 Quid
898 1953 1051 2025 intelligatur
1074 1977 1118 2027 per
1136 1963 1218 2014 visita·
1272 1973 1273 2010 ἐ

234 2027 333 2094 quando
350 2025 497 2090 visitationi,
510 2029 565 2080 909.
586 2031 715 2090 Quomodo
740 2034 832 2086 tionem
853 2039 1004 2103 monasterii,
1027 2041 1099 2093 9059.
1125 2045 1225 2106 Quotu-

235 2125 309 2176 agera
330 2109 435 2182 debeant
456 2107 569 2176 Episcopi
590 2111 716 2165 visitantes
740 2115 796 2182 ples
809 2117 841 2168 sit
856 2117 973 2182 visitatio,
987 2121 1057 2174 3060.
1070 2125 1108 2174 Au
1121 2131 1147 2175 et
1168 2143 1227 2194 qua-

234 2193 360 2253 eremptos
372 2194 438 2238 extra
450 2189 597 2240 monasteria
608 2206 716 2242 commo·
739 2201 810 2248 tenus
822 2196 940 2264 Superior
957 2202 1091 2267 procedere
1105 2205 1187 2258 valeat
1199 2215 1225 2258 ut

234 2275 330 2326 rantes,
350 2267 405 2318 900.
426 2269 555 2329 Quomodo
572 2271 717 2337 subjaceant
737 2273 812 2340 judex
845 2276 870 2327 in
895 2277 1039 2346 hujusmodi
1069 2282 1220 2343 visitatione,

233 2349 366 2402 visitationi
385 2349 494 2402 ecclesia
511 2359 629 2418 exemptae
641 2369 715 2404 curo·
738 2353 808 2405 3061.
820 2357 855 2406 An
869 2361 893 2407 at
904 2365 1027 2426 quatenus
1045 2362 1171 2416 moniales
1183 2365 1223 2415 in·

238 2439 277 2495 tac,
291 2438 317 2485 et
336 2429 445 2498 religiosi
461 2433 503 2499 qui
515 2431 612 2485 illarum
632 2450 714 2486 curam
739 2441 867 2503 terrogato
904 2445 1035 2493 teneantur
1056 2448 1221 2510 respondere.

235 2515 339 2576 habent,
363 2513 419 2566 905.
448 2515 578 2576 Quomodo
605 2516 714 2583 Capitula
737 2518 891 2572 attoarios
914 2529 1037 2588 quatenus
1055 2525 1104 2576 sub
1125 2535 1220 2579 secreto

236 2603 346 2664 exempta
359 2597 408 2648 sint
426 2595 560 2663 visitanda,
572 2599 628 2652 906.
642 2601 715 2667 Epis·
737 2601 786 2650 sint
798 2603 903 2653 tenenda
914 2617 942 2654 ea
955 2619 1009 2670 quaa
1030 2607 1106 2657 modo
1119 2615 1219 2674 paterno

232 2691 308 2742 copus
333 2675 540 2744 polest'visilarc
567 2681 713 2734 monasteria
737 2681 837 2734 suerunt
867 2683 973 2735 revelata
1003 2685 1029 2736 in
1064 2688 1218 2748 visitatione,

232 2761 343 2820 exempta
368 2758 451 2820 quoad
479 2758 634 2822 clausuram,
658 2761 712 2813 908.
737 2763 806 2816 3063.
828 2793 860 2804 -
881 2766 915 2818 llo
937 2765 1080 2820 visitatione
1110 2771 1219 2837 corporis

231 2833 290 2884 Item
313 2833 526 2890 confraternitates
548 2839 665 2892 laicorum
688 2842 712 2893 in
737 2845 925 2909 delirantes.
961 2847 1047 2900 -lio
1081 2851 1220 2904 visitatione

233 2913 343 2967 ecclesiis
356 2923 540 2980 exemplorum,
553 2919 607 2971 909.
622 2921 714 2973 0hser·
736 2941 860 2978 sacrorum
874 2925 997 2989 liminum,
1010 2927 1068 2981 vide
1078 2931 1171 2982 Ltums.

233 2993 312 3044 vanda
326 2991 390 3045 circa
402 2995 468 3046 varia
481 2993 578 3062 objecta
590 2997 712 3052 visitatio·
765 3007 892 3058 erauous.
903 3005 1065 3066 -Quisnam
1080 3009 1112 3060 sit
1123 3023 1215 3060 exram·

232 3075 271 3128 nis
292 3075 456 3144 episcopalis,
480 3077 535 3130 910.
557 3079 611 3131 Non
633 3087 714 3148 potest
736 3088 875 3142 manicatus
888 3087 1013 3150 silendus,
1023 3089 1213 3144 6199110101
1272 3075 1273 3112 t

231 3157 339 3210 recusari
351 3155 452 3210 visitans
471 3158 492 3209 si
510 3163 611 3227 paterne
622 3177 712 3230 prooe—
736 3171 767 3222 de
781 3169 1219 3226 excommunicatissintctiamintel·

230 3239 289 3300 dat;
302 3255 374 3291 cocus
385 3238 406 3290 si
415 3239 533 3306 juridice,
545 3241 600 3292 911.
620 3243 711 3310 oppd-
736 3247 834 3314 ligeuda
848 3251 879 3302 de
889 3249 1030 3318 suspensis,
1044 3251 1186 3304 interdictis
1197 3257 1221 3303 et

230 3317 274 3369 lari
287 3321 394 3387 nequitd
408 3321 505 3374 statutis
519 3323 543 3374 in
556 3321 710 3390 visitatione,
735 3328 911 3396 irregularibus
924 3331 1084 3396 denuntiatis,
1101 3335 1222 3388 6500811

230 3399 277 3450 nisi
291 3401 322 3452 od
334 3401 448 3454 ellectum
466 3403 649 3468 devolulivum,
663 3421 710 3459 nun
734 3413 758 3458 et
770 3414 893 3472 quatenus
903 3409 952 3460 sint
960 3407 1054 3462 vitandi
1067 3411 1163 3465 notorii
1176 3413 1225 3465 ale·

229 3479 287 3528 read
300 3481 489 3546 suspensivum,
502 3483 557 3534 919.
571 3483 634 3546 Quid
647 3487 711 3538 iano·
734 3487 840 3541 ricorum
856 3505 1012 3556 percussores
1023 3529 1031 3552 ,
1056 3491 1204 3548 8501-6501
1216 3507 1224 3540 ‘-

230 3571 256 3604 rc
268 3555 357 3608 debeat
369 3558 517 3624 Episcopus,
540 3565 637 3630 peraold
649 3565 709 3617 visi·
734 3567 788 3619 vide
806 3569 1031 3624 arcananii-renus.

230 3629 322 3682 tatione
334 3669 341 3696 ‚
353 3633 408 3685 911.
422 3635 536 3688 licitatur
548 3655 598 3692 non
611 3641 709 3708 lipitco·
762 3649 855 3702 Virtus.
868 3649 1010 3704 -licclcsia
1023 3657 1113 3722 nequit
1123 3657 1224 3712 mederi
1272 3699 1273 3732 ,
