2466 4258
283 239 286 256 =
366 229 451 277 arom
471 229 605 278 renatus.
628 247 668 261 ·-
687 229 874 280 insaniens.
1044 215 1104 280 '135

122 349 373 414 circumstantiis
388 369 420 414 se
445 351 591 432 gesserim
616 351 685 414 aliae
713 369 853 435 personas
874 354 1022 432 inductae,
1040 353 1104 417 illas

125 441 292 523 speciatim
307 459 376 524 quae
391 441 538 504 adhibitas
553 441 691 522 fuerunt,
707 441 755 504 vel
772 449 807 504 ut
828 444 966 506 consiliis
980 455 1009 508 et
1029 444 1104 506 hor·

124 531 303 594 rationibus
327 529 550 594 reclamantem
573 533 611 594 ad
640 531 879 594 matrimonium
902 533 1101 610 inducerent,

126 619 177 682 vel
199 629 232 682 ot
251 619 423 682 excitarent
449 621 488 683 ad
511 618 613 684 oldaia
643 621 889 684 matrimonialia
911 623 1101 705 praestanda,

128 710 169 772 ab
183 708 512 790 iisquequaerendum,
528 709 606 791 quid
625 711 758 794 egerint,
776 711 893 793 quibus
908 713 1103 792 argumentis

128 819 204 873 usae,
220 797 335 882 quidve
347 809 522 862 consecutae
534 798 662 863 fuerint.

168 888 220 952 39.
263 887 413 951 Caeterum
441 888 473 951 in
499 889 557 952 hac
572 909 605 952 re
628 890 725 972 judex
750 889 840 967 sciat,
860 889 1099 954 matrimonium

128 997 195 1042 esse
206 995 260 1062 par
273 995 307 1041 sa
321 977 438 1041 lactum
454 978 613 1060 quoddam
630 979 808 1044 solemnaet
824 979 1000 1061 publicum,
1015 981 1100 1062 quod

128 1067 405 1149 semperralidum
430 1068 550 1132 censeri
574 1068 677 1146 dehet,
701 1070 761 1133 nisi
787 1070 948 1132 evidentes
966 1070 1103 1134 rationes

127 1159 269 1239 ejusdem
295 1157 473 1221 nullitatem
497 1159 799 1222 demonstraverint.
828 1158 901 1222 ideo
922 1159 1100 1222 curandum

126 1247 255 1332 quidem
270 1248 357 1312 omni
383 1247 489 1311 studio
510 1258 603 1330 atque
617 1248 792 1327 diligentia,
818 1257 854 1310 ut
871 1248 1010 1312 rationes
1034 1251 1102 1312 istra

124 1337 326 1420 colligantur,
356 1337 408 1402 sed
440 1337 594 1421 iudicium
620 1347 729 1402 contra
754 1339 993 1402 matrimonium
1021 1357 1103 1402 nun·

125 1445 223 1510 quam
234 1425 292 1489 erit
305 1427 593 1508 pronunciandum,
616 1429 677 1491 nisi
695 1445 803 1490 aarum
819 1427 1101 1510 complexioomoe

129 1515 268 1600 prudeus
289 1515 424 1582 dubium
445 1517 485 1581 de
504 1519 668 1583 existentia
695 1517 914 1602 impedimenti
940 1517 1099 1583 excludat.

453 1795 614 1843 narramus
643 1795 790 1849 ouranos.

383 1947 430 2012 De
443 1949 654 2030 impedimento
677 1949 841 2032 boemicis.

165 2137 215 2202 lO.
231 2137 398 2201 Vinculum
413 2139 623 2220 prmcedentis
637 2140 840 2210 matrimonii,
858 2139 941 2219 quod
961 2137 1003 2200 ad
1025 2157 1098 2219 pos-

126 2229 222 2292 terius
238 2227 434 2290 connubium
460 2229 715 2308 impugnandum
745 2229 925 2303 adducitur,
953 2235 1097 2308 repeton-

124 2320 201 2380 dum
224 2317 378 2379 asseritur
406 2318 455 2378 rel
476 2337 517 2380 ex
543 2319 757 2396 matrimonio,
785 2317 942 2379 catholico
957 2318 1099 2390 modas

124 2407 289 2471 catholicis
304 2405 462 2468 celebrato
474 2423 482 2481 ;
494 2407 544 2469 vel
558 2425 595 2492 cu
609 2408 769 2470 connuhio
797 2407 838 2468 ab
859 2405 1015 2468 haereticis
1045 2413 1098 2470 aut

124 2495 643 2574 schismaticisjuxtadiversarum
666 2502 826 2559 sectarum
848 2496 997 2558 institute
1026 2514 1098 2558 con-

122 2594 235 2662 tracto,
251 2591 282 2648 et
294 2589 473 2666 posteaper
486 2586 677 2647 sententiam
693 2585 805 2647 talium
815 2583 1022 2647 tribunalium
1033 2585 1097 2648 dis-

123 2677 225 2742 soluto
241 2691 249 2757 ;
266 2675 317 2737 vel
332 2693 370 2736 cx
382 2680 544 2736 contractu
558 2674 639 2737 inter
652 2675 808 2750 infideles,
823 2675 877 2755 qui
893 2679 1008 2756 postea
1032 2694 1098 2739 res·

124 2769 234 2842 cissos,
250 2771 305 2828 aut
318 2764 426 2826 nullus
441 2763 535 2825 tuerit
549 2764 739 2826 declaratus.
749 2763 949 2827 Diversarum
964 2763 1097 2830 istorum

124 2875 255 2922 casuum
270 2851 474 2935 possibilitas,
489 2859 544 2915 ant
556 2853 651 2916 etiam
664 2854 844 2934 trequentia
858 2855 1025 2916 manifesta
1036 2861 1093 2931 est,

123 2968 194 3012 com
206 2943 430 3026 inregionibus
440 2941 646 3006 orientalibus
659 2943 805 3006 catholici
820 2943 980 3006 commixti
989 2943 1094 3008 vivere

124 3041 279 3111 cogantur
300 3053 372 3097 cum
398 3033 565 3108 haereticis,
600 3033 819 3109 schismaticis,
850 3037 882 3096 et
902 3031 1093 3099 infidelibus.

126 3121 272 3194 Quaedam
297 3141 354 3201 pro
384 3123 519 3202 singulis
545 3121 669 3185 casibus
690 3121 875 3184 adnotanda
905 3127 993 3200 suot,
1022 3123 1096 3204 quia

126 3210 259 3272 diversis
273 3209 394 3288 legibus
411 3219 575 3294 reguntur.

164 3301 213 3360 tr.
234 3297 280 3358 nd
297 3297 432 3375 primum
447 3321 557 3366 casnm
578 3303 663 3384 quod
678 3302 800 3376 attinet,
810 3301 958 3364 doctrina
981 3303 1093 3366 catho-

124 3389 186 3452 lica
198 3393 247 3450 est
262 3387 497 3454 matrimonium
512 3393 742 3472 baptizatorum
759 3391 819 3454 rito
838 3392 1039 3455 celebratum
1063 3399 1094 3457 et

125 3485 378 3543 consummatum
393 3477 484 3542 aliter
505 3481 583 3542 solvi
598 3501 662 3544 non
678 3499 781 3564 posse,
796 3481 856 3543 nisi
881 3499 939 3564 per
957 3489 1091 3548 mortem

124 3569 219 3631 unius
234 3567 378 3650 conjugis
394 3586 402 3646 ;
417 3575 447 3632 et
462 3569 534 3632 ideo
548 3570 654 3634 locum
664 3591 728 3637 non
744 3571 968 3654 aase‘cjusdem
989 3575 1060 3637 diss
