2548 3988
176 262 235 324 398
395 275 531 322 uinaria
551 276 651 322 mnus
670 274 752 322 runis
772 271 920 321 caunum.

177 375 309 438 diximus
321 374 421 452 (5889,
437 370 523 453 ete).
534 374 609 434 Item
620 371 713 452 iudex
729 389 792 432 non
812 375 928 432 tenetur
942 387 1062 452 semper
1075 389 1145 448 pro·
1263 365 1264 392 ³

177 463 284 526 cedere
306 469 409 526 contra
431 461 678 544 delinquentem,
702 466 735 524 ut
759 459 858 542 colligi
882 464 978 540 polest
999 477 1036 520 ex
1059 460 1147 523 dictis

173 553 257 616 circa
272 553 367 614 varias
381 567 503 615 normas
523 549 705 631 procedendi
728 549 922 612 criminaliter
935 550 1146 628 (5799-5875),

163 645 208 704 'ct
218 640 365 704 severitati
388 659 540 704 canonum
554 638 667 721 aliquid
681 645 779 722 potest
796 636 910 700 detrahi
924 637 956 698 in
970 637 1058 700 certis
1075 639 1149 700 casi-

179 731 250 808 hus,
264 749 301 794 ex
324 730 492 794 canonibus
510 729 610 792 relatis
630 729 663 792 ic
681 727 742 791 line
755 727 930 810 questionis
951 727 1149 810 precedentis
1263 797 1264 828 ζ

180 823 290 898 (caea).

220 913 308 974 6331.
330 909 466 972 Notanda
483 913 530 972 est
551 909 715 992 presertim
732 907 879 971 sententia
899 909 931 970 S.
950 906 1117 970 iunocentii
1136 909 1149 969 l

180 1005 288 1080 (carran
304 999 421 1075 Quoties
436 1004 484 1074 ll,
498 1017 588 1062 causa
602 1002 632 1076 l,
647 1018 679 1080 q.
694 999 743 1080 lt:
759 997 911 1070 «Quoties
928 998 946 1059 d
963 996 1082 1078 populis
1095 1001 1150 1059 aut
1263 1003 1264 1058 l

180 1109 195 1149 a
219 1091 236 1150 al
258 1087 344 1150 turbat
357 1095 512 1170 peccatur,
528 1088 599 1168 quia
616 1088 647 1150 in
667 1104 774 1150 omnes
788 1091 909 1168 propter
923 1085 1148 1154 multitudinem
1263 1075 1264 1106 l

180 1198 195 1238 a
222 1195 282 1238 non
303 1183 401 1257 potest
417 1176 581 1252 vindicari,
599 1176 729 1238 multirm
752 1176 828 1238 solet
843 1174 974 1236 transiri.
995 1195 1011 1234 a
1034 1176 1071 1235 Et
1090 1175 1147 1238 hoc

180 1283 251 1346 erga
261 1265 427 1327 Donatistae
436 1266 561 1326 servavit
569 1264 709 1338 Ecclesia,
724 1263 822 1346 inquit
832 1266 862 1326 S.
877 1266 1004 1344 August.
1016 1263 1047 1325 in
1059 1264 1150 1346 Epia-
1263 1295 1264 1330 r

182 1351 239 1414 told
254 1351 293 1414 nd
309 1347 511 1434 Bonipiacium,
530 1375 546 1412 e
564 1359 599 1414 ut
618 1353 709 1415 etiam
730 1353 865 1434 ipsomm
879 1351 1038 1415 infirmitas
1052 1353 1149 1417 levius
1263 1395 1264 1426 ,

180 1465 196 1502 a
220 1449 363 1524 excepta,
378 1443 459 1504 intus
473 1440 614 1504 sanabilis
626 1440 712 1503 foret.
728 1461 743 1499 a

221 1535 309 1593 3333.
325 1530 411 1612 Exigi
425 1529 513 1593 debet
522 1537 622 1592 tamen
637 1548 771 1611 congma
784 1529 945 1594 satisfactio
959 1549 968 1594 r
988 1553 1004 1592 n
1018 1533 1091 1605 Quae
1103 1539 1149 1596 est
1263 1509 1264 1536 ³

180 1643 195 1680 a
221 1621 275 1682 ista
283 1619 532 1698 justitiminimica
543 1619 868 1700 benignitas,inquitS.
882 1621 1146 1702 Hormisdastean.
1263 1659 1264 1662 =

181 1729 196 1769 a
220 1708 326 1790 Siquis
337 1711 386 1786 29,
397 1708 466 1770 dist.
477 1711 539 1788 50),
549 1708 670 1790 palpare
679 1709 859 1772 criminosos
869 1711 1031 1774 etvulnera
1043 1731 1148 1776 eorum

180 1820 196 1859 a
221 1815 317 1879 nsque
339 1797 371 1859 in
393 1795 474 1874 diem
492 1795 598 1878 judicii
622 1798 756 1860 incurata
779 1799 920 1862 servare?
941 1799 1073 1873 Quodsi
1096 1821 1148 1866 eos
1263 1803 1264 1814 ’

181 1908 195 1946 a
219 1885 412 1948 durissimam
435 1885 643 1968 paenitentiam
665 1886 840 1967 perplures
862 1905 959 1950 annos
978 1889 1149 1956 uideremus

182 1995 195 2035 a
220 1995 324 2057 agere,
339 1982 413 2039 tunc
426 1977 487 2038 Nos
500 1982 530 2038 et
541 1975 628 2037 saluti
643 1993 751 2038 eorum
764 1993 922 2057 possemus
935 1979 1147 2057 consulere,et

180 2087 195 2124 a
219 2071 327 2129 statuta
340 2083 491 2129 canonum
499 2065 678 2127 deberemus
688 2071 854 2144 temperare
865 2067 954 2142 ;cum
968 2069 1038 2130 verd
1052 2069 1083 2131 ln
1094 2070 1148 2132 ali-

180 2177 195 2214 a
220 2155 341 2236 quibus,
354 2173 412 2217 nec
423 2155 617 2235 compunctio
631 2151 805 2215 humilitatis
817 2172 874 2216 nee
887 2155 1027 2218 instantia
1042 2159 1148 2223 orandi

180 2264 195 2302 a
220 2243 265 2304 vel
279 2243 440 2325 plangendi
459 2249 638 2322 appareat..,
649 2242 718 2303 vere
733 2241 800 2304 dico
812 2243 884 2323 quia
897 2243 939 2305 illi
955 2244 1012 2326 ipsi
1026 2249 1149 2329 quibus·

180 2353 195 2391 a
219 2349 329 2410 cum..,
339 2331 413 2393 laisa
424 2330 639 2408 misericordia,
653 2329 810 2411 indulgere
823 2331 977 2412 videmur,
992 2337 1064 2400 clim
1078 2347 1148 2404 ante

180 2443 195 2481 a
219 2421 349 2484 tribunal
362 2419 469 2484 Christi
484 2417 673 2499 advenerint,
688 2427 893 2487 contrarios...
908 2442 1029 2488 causam
1039 2427 1147 2493 dicturi

179 2533 194 2569 a
219 2517 299 2574 sunt.
323 2533 337 2572 a

219 2601 273 2662 His
290 2600 328 2663 de
341 2600 438 2684 poenis
458 2601 490 2662 in
504 2617 614 2681 genere
627 2601 791 2665 enucleatis
804 2604 960 2668 veniamus
977 2603 1015 2668 ad
1030 2605 1147 2670 discus-

180 2689 296 2750 sionem
306 2693 453 2752 rariarum
464 2707 622 2771 poenarum
636 2692 905 2756 ecclesiasticarum
917 2693 948 2756 in
963 2695 1144 2779 particulari.

556 2991 703 3062 CAPUT
728 2996 757 3066 I.

251 3161 293 3211 DE
316 3161 421 3212 lelllS
442 3161 546 3212 l'OElllS
569 3161 821 3216 nccunsmsncls
843 3167 1076 3221 vindicamus.

218 3323 308 3384 6333.
327 3320 388 3382 lllae
407 3337 506 3402 poenae
530 3326 600 3384 sunt
619 3327 670 3384 aut
690 3323 858 3405 spirituales
881 3332 933 3390 aut
953 3330 1144 3411 temporales.

178 3409 360 3491 spiritualer
371 3408 633 3473 suntrinhabilitas
646 3410 683 3474 ad
694 3412 792 3477 officia
802 3415 847 3478 vel
857 3414 1014 3495 beneficia,
1024 3437 1146 3482 eorum·
1263 3437 1264 3488 t

177 3497 247 3558 dem
261 3497 401 3580 privatio,
415 3497 577 3582 depositio,
592 3499 779 3583 degradatio,
794 3503 933 3584 infamia,
950 3511 1050 3569 ete.-
1061 3507 1146 3571 Tem·

177 3586 292 3668 paratas
323 3588 418 3662 rerd,
452 3588 564 3653 mulcta
597 3591 799 3672 pecuniaria,
829 3594 1046 3676 incarceratio,
1083 3597 1157 3660 exi-¹*

179 3668 267 3752 lium,
283 3679 341 3738 cle.
