2526 3988
485 243 569 292 nmen
589 245 720 294 rearrus.
1052 231 1091 296 lb

154 351 246 411 scot.
259 345 343 422 cuod
359 349 463 409 auum
471 343 587 424 jnrsrces
601 344 791 408 ecclesiastici
806 344 922 428 possint
935 363 1002 410 reos
1012 347 1090 430 plac·

115 445 179 500 trra
198 437 288 500 etiam
307 437 407 518 poenis
421 433 653 516 temporalibus,
668 436 794 514 excepta
806 441 908 498 tamen
923 439 1012 518 poent
1024 454 1090 498 san·

115 527 218 610 guinis
231 529 248 588 a
262 529 323 607 qua
342 541 465 606 semper
483 522 637 585 abhorruit
650 521 783 586 Ecclesia
797 522 874 606 (cap.
890 523 1089 604 Sententiam,

116 618 161 679 tit.
183 620 244 691 50,
259 615 312 676 tib.
334 618 353 676 3
371 615 504 689 Decret,
519 631 557 674 ex
569 609 684 674 concil.
706 612 804 675 Later.
820 614 874 694 lv)
888 613 991 676 multis
1004 633 1091 696 argu·

116 706 229 768 mentis
238 701 439 766 demonstrari
452 707 564 783 potest3
579 699 705 764 sufficiat
718 699 829 764 reione
843 703 998 784 sequentia
1015 722 1023 764 ε

156 795 245 856 Certe
258 792 392 856 Ecclesia
406 797 582 874 potestatem
595 789 685 852 babet
704 792 988 854 excommunicandi
1000 811 1007 853 :
1024 793 1091 856 bae-

116 901 179 967 que
192 889 339 966 potestate
357 881 448 944 etiam
467 881 484 942 a
502 879 675 961 primordiis
698 880 761 942 suis
783 899 838 942 usa
857 885 912 942 est.
932 882 1001 943 lam
1020 885 1091 945 vend

116 971 393 1037 excommunicatio
407 969 576 1032 nonsolbm
591 968 678 1030 bonis
694 969 899 1050 spiritualibus
912 971 1022 1050 privat,
1039 972 1090 1034 sed

115 1064 208 1126 etiam
223 1061 405 1144 quibusdam
418 1058 647 1140 temporalibus,
662 1057 798 1120 videlicet
809 1057 890 1120 iamt
903 1077 971 1141 quae
980 1059 1090 1142 aliquid

116 1159 161 1215 ost
181 1149 348 1232 temporale
361 1155 391 1212 et
403 1147 554 1212 consortio
569 1147 702 1210 fidelium
717 1147 806 1210 etiam
821 1149 851 1208 in
864 1147 1001 1229 pluribus
1014 1157 1090 1212 tem-

116 1241 284 1323 poralibus.
299 1241 398 1319 Ergo,
419 1243 476 1300 etc.
497 1237 611 1300 Eadem
632 1237 787 1300 conclusio
805 1236 913 1300 deduci
939 1245 1034 1319 potest
1054 1259 1089 1305 ex

117 1337 264 1412 potestate
282 1345 374 1410 mam
387 1327 478 1389 babet
490 1326 624 1389 Ecclesia
636 1326 761 1389 clericos
775 1326 966 1408 deponendi,
982 1327 1090 1411 degra-

117 1418 227 1491 dandi,
242 1417 341 1482 officio
354 1423 384 1479 et
394 1415 542 1480 fructibus
556 1415 694 1478 beneficii
709 1415 844 1497 privandi
858 1463 866 1492 ,
879 1423 936 1479 etc.

157 1507 244 1570 Idem
263 1511 380 1570 constat
393 1523 431 1568 ax
449 1504 607 1586 disciplina
625 1504 766 1567 Ecclesiae
786 1504 864 1567 circa
885 1507 1091 1586 poenitentiam

118 1597 284 1680 publicam.
303 1597 348 1658 En
361 1595 427 1677 ipso
447 1595 566 1656 Morino
581 1612 590 1655 r
610 1615 626 1654 a
645 1594 772 1666 Quando
786 1601 942 1675 peccatum
956 1603 1019 1660 erat
1033 1617 1089 1680 pu-

118 1687 272 1750 bblicum
297 1685 335 1748 ad
357 1683 566 1766 paenitentiam
595 1683 715 1765 publice
744 1682 892 1763 agendam
920 1693 1091 1765 peccatores

119 1799 135 1836 e
156 1773 472 1840 excommunicatione
486 1779 515 1834 et
528 1771 704 1833 omnimoda
717 1770 755 1834 ab
769 1772 902 1834 Ecclesia
915 1775 1091 1856 expulsione

119 1889 134 1926 a
158 1865 380 1946 adigebantur»
398 1861 453 1940 (De
466 1861 554 1925 Sace.
570 1860 742 1938 Paeniteat,
757 1860 808 1922 lib.
827 1863 858 1940 5,
871 1879 899 1924 c.
914 1865 970 1938 tr,
986 1867 1020 1924 n⁰
1035 1869 1064 1944 7)
1081 1885 1089 1928 :

121 1955 172 2018 sed
183 1971 293 2035 cogere
307 1952 346 2015 ad
363 1950 569 2034 poenitentiam
589 1950 741 2032 publicam
757 1949 837 2011 idem
856 1957 921 2012 erat
933 1969 969 2014 ac
983 1971 1091 2034 cogere

125 2043 161 2104 ad
180 2041 362 2124 temporales
382 2046 413 2101 et
438 2039 608 2121 corporales
628 2057 732 2119 poenas
757 2057 765 2098 ε
787 2045 905 2100 constat
927 2041 1009 2102 enim
1031 2044 1091 2105 sive

122 2133 214 2213 Epist.
231 2131 330 2193 Sirieii
342 2130 380 2192 ad
393 2129 570 2212 Hymerlum
584 2131 841 2190 tarraconensem
856 2145 937 2190 anno
945 2132 1014 2206 385,
1030 2132 1091 2194 siva

120 2221 254 2283 Concilio
285 2217 447 2282 Arelatensi
471 2217 543 2280 anni
568 2222 649 2292 ibt,
676 2216 736 2278 sire
763 2215 866 2278 multis
887 2217 953 2280 aliis
982 2237 1090 2286 monu-

119 2311 261 2372 mentisa
279 2311 317 2371 b.
334 2310 428 2370 Bouix
447 2307 548 2370 relatis
568 2305 623 2386 (De
635 2305 748 2385 ludia,
764 2313 838 2368 tom.
862 2309 892 2384 l,
910 2327 941 2389 p.
963 2311 1002 2370 53
1016 2313 1090 2392 eto.)

118 2399 301 2481 prenitentes
313 2395 452 2479 impediri
466 2395 505 2458 ab
519 2413 575 2458 usu
594 2395 775 2457 matrimonii
796 2401 825 2457 et
845 2397 862 2458 a
882 2398 965 2460 novis
980 2401 1092 2482 nuptiis

117 2487 348 2564 contrahendis,
359 2487 493 2569 ipsisque
503 2483 694 2546 interdictum
709 2484 800 2547 luisse
810 2485 967 2565 quodlibet
981 2507 1091 2554 munus

117 2577 287 2652 saeculare,
314 2594 344 2638 v.
373 2594 427 2657 g.,
462 2573 620 2652 militiam,
656 2573 880 2653 mercimonia,
907 2591 1014 2638 causas
1046 2577 1090 2640 io-

117 2684 241 2742 tenses,
255 2673 312 2729 etc.

158 2757 250 2817 Juxta
263 2755 363 2836 ipsum
377 2753 593 2817 Gotholredum
608 2771 688 2834 saepa
702 2753 828 2835 quaestio
841 2761 886 2816 est
899 2755 930 2818 in
942 2755 1091 2821 veteribus

117 2843 329 2906 monumentis
336 2843 374 2906 de
382 2843 554 2905 carceribus
564 2842 758 2906 ecclesiamm
768 2861 823 2924 pro
833 2844 892 2906 reis
908 2844 1088 2926 puniendis:

116 2931 158 2994 de
171 2932 208 2995 iis
221 2931 303 2995 enim
323 2949 423 2994 sermo
436 2939 482 2995 est
501 2932 533 2994 in
555 2932 677 2995 Novella
694 2937 752 3010 79,
774 2951 841 3014 cap.
862 2937 880 2996 3
897 2953 905 2995 :
925 2935 988 2995 «ln
1002 2934 1090 2997 deca·

117 3043 135 3082 n
160 3021 238 3084 nicis
258 3023 327 3102 (seu
343 3021 525 3102 carceribus)
545 3021 740 3084 ecclesiarum
758 3021 943 3101 recludatur,
965 3041 1091 3105 compe-

117 3133 135 3172 s
159 3115 257 3174 tentes
277 3127 384 3194 poenas
401 3110 541 3174 luiturus.
561 3133 577 3172 u
602 3113 633 3175 S.
659 3112 821 3193 Gregorius
839 3111 878 3174 da
898 3112 935 3174 iis
953 3115 1092 3176 meminit

118 3199 224 3282 (Epist.
238 3203 294 3278 65,
307 3199 360 3262 lib.
375 3200 409 3280 6)
423 3199 470 3262 his
489 3199 587 3264 verbis
602 3219 612 3263 r
631 3201 688 3264 «Si
702 3202 774 3264 verb
787 3203 848 3264 sint
862 3202 969 3281 liberi,
994 3203 1090 3265 inolu-

117 3311 135 3350 ι
157 3289 245 3352 sione
258 3287 351 3370 digna
358 3287 552 3370 districtaque
564 3295 636 3352 sunt
647 3291 676 3352 in
685 3291 891 3372 paenitentiam
903 3289 1086 3374 redigendis

116 3377 194 3440 vtde
204 3375 296 3440 etiam
308 3377 402 3458 Epist.
417 3382 455 3456 t,
470 3377 522 3440 lib.
537 3383 592 3456 l0,
608 3379 679 3441 edit.
696 3379 809 3442 Bened.

157 3469 191 3530 ln
205 3467 272 3548 ipso
291 3465 406 3528 Concil.
431 3467 585 3529 Constant.
606 3469 690 3547 (sess.
714 3472 763 3549 lb)
777 3467 937 3549 prohibitio
950 3471 1089 3552 quadam

118 3557 252 3620 sancitur
264 3554 322 3617 sub
340 3557 429 3637 poent
441 3557 763 3620 excommunicationis
782 3565 813 3619 et
829 3559 955 3620 carceris
968 3559 1089 3622 duorum

119 3645 260 3706 mettium
275 3643 308 3703 ia
321 3661 520 3726 quoacunque,
536 3645 592 3706 etsi
604 3663 691 3724 reges
703 3645 826 3706 luerint.
