2548 3988
218 236 277 302 311
424 247 567 298 ussurus
589 233 695 296 currus
715 231 798 294 cuais
819 247 965 295 cruomcr.

219 353 260 416 ad
274 349 472 430 superiorem
487 347 636 429 poierairi
657 345 800 428 quidem,
818 343 875 412 sed
887 346 891 354 '
903 362 968 411 nou
985 335 1195 413 tenebantur

221 454 384 505 recurrere
400 455 456 520 per
470 439 592 501 litteras
620 438 697 517 quia
709 439 782 514 jura
792 437 831 499 de
846 437 1030 518 hujusmodi
1045 448 1193 501 recursu

221 533 332 606 oileum
358 545 455 609 quam
471 528 667 591 seutentiam
692 525 723 588 S.
736 526 865 606 Liguor.
881 527 916 608 (l.
929 543 971 608 a,
987 543 1018 590 n.
1030 527 1086 608 88)
1108 519 1191 589 dicii

223 645 237 678 s
256 635 464 694 communem,
476 615 726 698 probabiliorem
742 621 890 678 astutam
909 639 937 681 s:

261 709 350 771 usuc.
368 709 442 770 Haec
455 719 529 770 vero
540 705 648 787 praxis
661 707 790 767 omuino
804 707 1027 786 antiquataest
1042 711 1074 769 eb
1095 723 1190 768 nunc

223 799 472 878 derelinquenda
498 815 536 860 ex
551 797 678 858 decreto
691 795 722 857 S.
740 795 854 870 umori,
875 796 906 860 d.
936 790 976 858 2'3
993 796 1060 858 ’ulii
1089 791 1185 858 1886.

224 887 397 968 Proposiiis
422 887 508 950 euim
524 885 649 948 dubiis:
682 883 828 947 «Uirum
849 890 918 947 tuto
943 815 1049 949 adfine
1078 886 1188 950 reneri

226 1003 239 1038 s
264 979 365 1059 possit
378 977 534 1038 sententia
547 977 666 1038 docens
681 974 722 1038 ud
739 973 931 1055 Episcopum
947 979 1004 1037 aut
1015 977 1056 1037 ad
1068 993 1188 1056 quem-

226 1095 240 1126 »
263 1068 339 1128 libet
355 1067 553 1128 sacerdotem
568 1067 781 1144 approbatum
797 1065 922 1126 devolvi
948 1063 1187 1127 absolutionem

228 1182 241 1215 a
265 1164 394 1219 casuum
414 1160 447 1216 ei
462 1171 670 1217 censurarum
687 1157 782 1216 ctiam
812 1153 942 1233 speciali
961 1155 1056 1216 modo
1084 1155 1187 1236 Papae

226 1271 242 1303 s
265 1249 514 1319 reservaturum,
529 1241 659 1321 quaudo
681 1245 842 1323 poenitens
853 1247 1001 1306 versatur
1015 1247 1047 1306 in
1064 1245 1188 1323 impos-

227 1356 242 1390 u
266 1333 415 1396 sibiliiaie
426 1333 822 1412 personaliicradcundiS.
835 1333 949 1396 Sedem
959 1335 1187 1407 i-11.0uute-

229 1447 242 1483 s
266 1440 326 1485 nus
342 1423 490 1501 negative
507 1439 515 1483 ι
532 1421 645 1484 Uirum
660 1423 889 1486 recurrendum
904 1423 957 1496 sit,
987 1423 1104 1486 saliem
1127 1442 1187 1503 per

230 1512 399 1586 sliiieras,
429 1511 471 1572 ad
500 1511 567 1574 Em.
599 1513 693 1574 Gard.
723 1514 799 1592 maj.
823 1513 1095 1574 Poeoiteuiiarium
1124 1531 1185 1592 pro

229 1627 244 1660 s
268 1601 419 1664 omuibus
442 1600 571 1662 casibus
596 1601 690 1678 Papae
714 1602 896 1676 reservatis,
920 1603 982 1663 nisi
1011 1602 1184 1683 Episcopus

231 1717 245 1750 a
268 1692 386 1754 habeat
398 1688 536 1770 speciale
549 1690 721 1770 indultum,
750 1695 962 1770 preterquam
990 1691 1023 1752 iu
1046 1691 1184 1753 articulo

228 1804 243 1842 u
269 1779 1182 1853 murtiasdubiineudamabsolvendiiacultaiem?sS.C.

230 1895 246 1933 u
269 1871 460 1952 respondit:
481 1893 494 1927 ι
511 1871 556 1932 Ad
566 1871 590 1932 1.
611 1869 740 1933 Attenia
756 1871 848 1949 praxi
874 1869 904 1932 S.
924 1869 1181 1944 Poeniicniiariae,

233 1985 247 2020 ι
269 1961 497 2045 pruesertimab
509 1957 896 2044 ediiuconsi.Aportoiicae
906 1959 1007 2035 Sedis,
1020 1961 1182 2040 Negative.

231 2075 247 2114 u
271 2051 363 2114 adu.
380 2051 574 2113 affirmative
591 2069 600 2127 ς
620 2055 653 2110 ai
677 2049 708 2110 in
735 2047 862 2112 casibus
890 2059 965 2113 vere
996 2049 1185 2129 urgentiori·

232 2167 247 2201 u
271 2141 342 2216 bus,
358 2141 391 2202 in
405 2139 521 2217 quibus
533 2137 690 2199 absolutio
704 2139 824 2199 differri
840 2139 978 2218 nequeat
993 2135 1113 2219 absque
1128 2159 1183 2220 pc·

234 2255 248 2288 s
271 2227 491 2306 riculogravis
506 2226 650 2288 scandali
672 2227 722 2288 vel
744 2227 1077 2308 iniamiae‚superquo
1105 2247 1182 2291 oon-

234 2343 248 2379 ι
271 2317 476 2380 iesscriorum
491 2315 685 2378 conscientia
697 2317 939 2393 oneratur‚dari
952 2334 1045 2398 posse
1058 2317 1182 2380 absolu-

234 2435 249 2470 ι
273 2408 406 2482 cionem,
435 2405 591 2486 injunctis
606 2406 645 2468 dc
671 2408 743 2490 jure
766 2407 1017 2486 injungendis‚u
1043 2409 1181 2471 censuris

235 2525 249 2560 ι
273 2499 369 2562 eiiam
383 2495 516 2576 speciali
540 2495 634 2578 modo
654 2497 686 2560 S.
701 2494 794 2559 Puni.
811 2495 993 2573 reservatis,
1010 2495 1068 2558 sub
1089 2515 1181 2576 poeuu

236 2614 250 2647 s
273 2595 378 2651 iumen
392 2585 606 2648 reincideniiae
621 2585 652 2646 in
668 2587 796 2649 eusdem
811 2603 976 2664 censuros,
991 2586 1051 2648 nisi
1073 2587 1179 2648 saltem

236 2701 249 2736 s
273 2677 357 2739 iufra
372 2690 513 2737 mensem·
528 2675 762 2755 perepisioiam
784 2679 814 2736 et
835 2693 892 2756 per
906 2667 1045 2739 medium
1062 2678 1179 2740 coufes-

235 2787 249 2826 a
272 2765 349 2829 sarii
364 2763 527 2826 absolutus
538 2768 683 2826 recurrat
705 2765 745 2826 ad
758 2764 788 2826 S.
803 2763 928 2828 Sedem.
945 2789 960 2824 u

273 2855 364 2917 urai.
380 2853 447 2916 Hoc
468 2853 597 2917 decretu
612 2853 694 2916 nibil
714 2855 915 2918 immutatum
931 2861 979 2920 esi
993 2856 1077 2920 circu
1090 2857 1177 2921 abso-

234 2946 389 3010 lutionem
405 2957 610 3005 censurarum
624 2943 657 3003 in
670 2945 806 3006 articulo
820 2947 943 3007 mortis.
961 2942 1051 3008 Hanc
1067 2949 1175 3030 quippe

236 3036 313 3100 dara
332 3037 466 3114 possunt
479 3033 673 3113 quicumque
689 3035 888 3110 confessarii,
903 3037 969 3098 imo
982 3037 1173 3114 sacerdoics;

237 3125 392 3205 obligatio
400 3123 620 3186 autemsiandi
632 3122 790 3187 mandatis
803 3123 945 3188 ecclesiae
961 3129 991 3188 ei
1001 3127 1174 3190 recurrendi

236 3216 295 3279 sub
311 3230 406 3294 poena
418 3212 635 3275 coincidentia
650 3213 737 3292 viget
754 3216 975 3278 tantummodo
992 3217 1095 3296 quoad
1112 3234 1175 3279 cen·

238 3320 333 3367 surus
360 3300 538 3386 specialiter
552 3307 745 3380 reservatas,
760 3304 787 3366 si
812 3307 844 3368 et
873 3306 1003 3384 quaudo
1018 3303 1173 3368 moribun-

238 3394 296 3454 dus
315 3391 524 3455 convaluerit.
552 3391 630 3451 Dum
655 3398 800 3470 econius,
823 3391 991 3456 absolutus
1004 3395 1037 3456 ri
1052 3395 1173 3457 faculis-

238 3485 306 3541 ium
322 3481 442 3543 decreti
465 3479 540 3540 anui
557 3477 634 3540 1886
659 3489 825 3546 recurrere
849 3484 944 3545 debet
960 3501 1018 3563 pro
1044 3487 1170 3550 censuris

238 3567 332 3628 ctiam
354 3565 539 3650 simpliciter
560 3570 728 3631 reservatis
751 3578 782 3633 et
801 3573 888 3634 inira
902 3572 1073 3634 terminum
1089 3575 1169 3638 unius

240 3655 375 3716 mensis.
395 3657 439 3736 (S.
463 3653 495 3721 G.
526 3657 599 3736 luq.
628 3655 666 3718 17
696 3657 778 3738 junii
804 3663 833 3723 ei
863 3663 900 3721 19
925 3663 1053 3738 augusti
1082 3658 1168 3742 1891.)
