2462 3984
184 235 238 298 rao
359 219 364 230 ’
401 246 540 294 arariam
560 247 662 296 rarius
680 247 762 295 aunis
782 243 929 296 aaronica

178 355 267 413 testes
289 347 443 430 tjudice‚
467 353 647 430 suggerente
668 348 905 428 denuntiatura,
929 347 1155 430 producuntur.

181 438 255 500 Vide
277 439 373 504 Bouix
396 437 584 518 (deludio,
606 445 681 502 tom.
709 443 747 517 2,
770 457 802 522 p.
826 441 897 518 aa);
920 439 1067 502 Stremler
1087 439 1157 520 (ib,

220 619 309 680 5832.
333 617 454 691 Ouaerit.
470 622 502 680 t·
526 619 572 680 An
588 616 716 681 monitio
739 616 871 680 fraterna
888 617 1030 700 premitti
1048 617 1160 683 debeat

180 707 311 788 judiciali
321 707 560 770 denuntiationi?
1217 780 1218 795 χ

221 799 311 879 ttesp.
327 798 413 862 Certe
426 815 487 859 non
511 797 676 879 requiritur
691 795 801 878 praevia
815 796 945 860 monitio
957 801 992 860 ut
1005 797 1106 861 valida
1123 799 1161 860 sit
1217 842 1218 855 .

182 885 369 948 denuntiatio
380 883 541 969 judicialis.
553 919 591 932 -
604 889 759 948 dnautem
773 885 944 968 requiratur
957 891 993 948 ut
1006 885 1045 948 sit
1059 886 1161 949 licita?

223 973 634 1058 aesp.ttegativeseeundtm
642 973 1163 1057 sententiamcommuniorem‚quia

184 1066 249 1129 fieri
264 1065 370 1146 nequit
386 1063 536 1144 iudicialis
555 1063 742 1126 denuntiatio
763 1061 820 1124 nisi
841 1061 986 1125 delictum
1006 1063 1044 1124 sit
1065 1063 1163 1145 publi·

185 1173 273 1231 oum,
288 1155 334 1217 vel
355 1153 564 1216 communitati
576 1153 624 1216 vel
644 1151 799 1214 innocenti
817 1151 1023 1234 perniciosum
1046 1153 1165 1233 :porro

187 1245 216 1305 in
231 1243 339 1304 talibus
353 1241 470 1304 casibus
482 1241 608 1304 minime
621 1239 784 1322 requiritur
793 1239 920 1302 monitio
934 1237 1078 1314 fraterna,
1090 1259 1166 1322 prae

187 1332 289 1395 sertim
303 1331 375 1394 cirm
388 1329 575 1392 denuntiatio
582 1329 731 1410 judicialis
744 1330 781 1391 sit
795 1329 833 1392 ad
847 1328 1009 1392 vindictam
1024 1329 1166 1392 criminis

187 1440 249 1485 non
270 1421 341 1482 verb
363 1419 480 1501 adeius
502 1419 755 1482 emendationem.
777 1421 871 1482 Seous
888 1425 934 1481 est
950 1418 1119 1482 dicendum
1135 1420 1165 1480 in

187 1528 330 1594 processu
345 1529 398 1590 per
420 1511 500 1570 viam
521 1507 735 1584 accusationis,
756 1514 789 1570 ut
807 1506 1045 1588 supradiximus
1062 1507 1167 1584 (5807)

189 1601 260 1682 quia
273 1598 423 1662 accusatio
445 1597 510 1661 lieri
531 1601 629 1679 potest
646 1596 700 1658 elsi
720 1596 836 1658 crimen
855 1597 894 1658 sit
913 1595 1069 1658 oecultum.
1094 1596 1167 1658 tide

190 1689 284 1752 Bouix
301 1687 366 1767 (iu,
382 1707 412 1769 p.
429 1689 493 1766 50);
511 1685 653 1750 Stremler
667 1683 732 1762 (ib,
747 1704 778 1767 p.
797 1686 879 1762 102.)

229 1781 319 1842 5833.
342 1776 464 1849 Quaerit.
479 1780 510 1839 3·
531 1777 578 1838 dn
592 1781 621 1837 et
635 1772 758 1857 quando
772 1774 811 1836 sit
830 1773 972 1855 obligatio
983 1773 1169 1855 judicialiter

190 1865 413 1931 denuntiandi?

230 1957 321 2039 Hesp.
336 1957 361 2019 l.
374 1953 430 2018 Vel
441 1953 584 2018 delictum
594 1959 640 2016 est
653 1954 793 2017 nocivum
803 1951 1013 2017 communitati
1022 1953 1069 2016 rel
1079 1955 1170 2018 tertio

191 2045 358 2116 innocenti,
383 2045 431 2108 vel
455 2045 511 2107 soli
532 2043 719 2126 delinquenti
746 2049 852 2118 nocct;
878 2043 903 2104 si
924 2043 1059 2126 primam
1084 2041 1171 2106 adest

192 2136 334 2216 obligatio
348 2132 422 2196 illud
436 2131 650 2206 denuntiandi,
666 2132 755 2194 etiam
770 2150 841 2194 cum
855 2131 937 2214 gnari
958 2131 1169 2210 incommodo,
1230 2152 1231 2185 t

193 2225 263 2305 quia
283 2241 371 2304 grave
385 2223 532 2284 damnum
553 2238 717 2283 commune
735 2228 867 2284 avertere
889 2219 1053 2298 debemus,
1075 2223 1170 2285 etiam

195 2330 263 2375 cum
275 2311 357 2391 gravi
372 2317 473 2372 nostro
486 2309 609 2372 damno.
628 2311 670 2389 (S.
686 2310 764 2391 Lig.,
780 2309 832 2371 lib.
848 2313 879 2386 l,
895 2309 928 2370 n⁰
941 2311 1025 2388 248.)

232 2401 298 2462 Imd
309 2401 394 2480 juxta
415 2400 447 2461 S.
462 2399 621 2475 Thomam‚
637 2403 667 2476 2,
682 2404 718 2475 ι,
739 2418 770 2480 q.
793 2401 844 2476 68,
859 2403 915 2460 art.
930 2399 1008 2474 t,in
1023 2398 1083 2462 boc
1097 2415 1171 2463 casu

195 2497 273 2556 esset
294 2488 435 2570 obligatio
453 2486 628 2560 accusandi,
649 2488 674 2549 si
696 2489 812 2549 crimen
833 2493 933 2569 posset
953 2486 1075 2569 probari
1093 2508 1101 2549 z
1117 2487 1171 2550 sed

195 2581 266 2643 cbm
286 2578 375 2642 bodie
389 2577 510 2660 procedi
530 2577 625 2640 ualeat
644 2595 698 2658 per
719 2576 797 2638 viam
818 2575 1073 2654 denuntiationis,
1099 2578 1171 2640 satis

196 2687 261 2730 esse
274 2667 389 2730 videtur
398 2669 423 2728 si
435 2667 551 2729 crimen
565 2664 775 2743 denuntietur,
790 2665 874 2728 etita
883 2665 973 2728 sentit
981 2665 1014 2727 S.
1031 2667 1169 2749 lignun,

196 2756 248 2818 lib.
264 2760 295 2824 d,
312 2763 346 2816 n⁰
360 2757 429 2816 236.

236 2846 325 2906 5834.
353 2864 368 2902 a
389 2843 521 2905 Crimina
535 2847 638 2905 autem
651 2847 756 2905 contra
768 2842 884 2907 bonum
901 2861 1067 2907 commune
1081 2847 1168 2918 sunt,

197 2955 212 2993 a
238 2931 1167 3014 inquitidemlib.)‚haeresis,rebelli0,lalsillcatiomonetarum,

198 3044 212 3080 a
237 3020 436 3084 homicidiaet
446 3021 524 3084 lurta
533 3021 571 3082 ab
580 3019 734 3083 assassinis
744 3027 796 3083 aut
804 3021 921 3085 viarum
930 3021 1166 3103 grassatoribus:

198 3133 213 3170 u
237 3109 351 3172 addunt
365 3109 414 3170 alii
434 3109 681 3172 subornationem
696 3108 907 3192 suffragiorum
928 3112 961 3173 iu
980 3109 1127 3173 cathedris
1140 3116 1168 3170 et

198 3222 213 3258 a
238 3199 269 3261 in
283 3199 348 3262 aliis
368 3198 574 3261 electionibus.
596 3199 634 3259 tlt
654 3199 739 3280 Lugo
757 3199 839 3262 addit
858 3205 1017 3281 peccatum
1037 3195 1166 3280 religiosi

198 3311 214 3349 a
238 3289 320 3372 quod
335 3287 528 3370 probabiliter
541 3286 688 3349 damnum
702 3286 839 3368 religioni
854 3287 968 3351 alterat.
984 3309 1000 3348 a

239 3381 330 3440 5835.
353 3375 383 3438 Si
404 3373 574 3452 seeundum,
599 3381 645 3438 est
666 3375 809 3460 obligatio
829 3375 1028 3441 denuntiandi
1048 3373 1167 3460 quando

199 3464 386 3527 denuntiatio
400 3463 465 3526 lieri
479 3469 576 3546 potest
587 3464 652 3526 sine
665 3466 746 3544 gravi
759 3465 969 3544 incommodo,
980 3465 1052 3548 quia
1064 3466 1118 3529 etsi
1131 3481 1165 3526 ex

201 3552 343 3612 charitate
355 3557 513 3614 teneamur
526 3550 672 3630 impedire
685 3551 833 3614 damnum
842 3554 989 3634 proximi3
1004 3553 1043 3615 ad
1057 3553 1115 3616 boc
1128 3558 1166 3612 ta·

203 3653 274 3698 men
288 3633 513 3716 impediendum
534 3653 596 3700 non
609 3643 749 3702 tenemur
767 3655 855 3718 grave
875 3637 1102 3704 incommodum
1117 3653 1163 3702 ιι·
