2466 4258
233 165 290 236 tat
457 187 596 236 uenuste
615 189 718 236 rorros
739 191 820 238 rums
833 192 977 242 elocutor.
1191 212 1194 259 t

231 306 395 372 essentiale
426 308 601 371 omittatur.
638 307 799 374 Sententia
832 310 1054 390 subscriptione
1074 308 1152 384 judicis

231 406 262 459 et
283 399 453 474 secretarii,
470 416 529 460 nec
545 416 608 460 non
632 398 733 480 sigillo
757 401 852 462 curia
873 397 1050 482 episcopalis
1072 400 1154 462 munio
1188 382 1194 465 i

231 486 373 569 partibus
394 487 455 550 erit
465 487 659 552 notificanda
674 507 730 571 per
752 491 847 553 curiae
861 489 1155 574 apparitorem,relloto
1186 500 1195 583 p

231 577 340 728 ifisdem
371 575 458 640 illius
486 577 672 660 exemplari,
699 577 738 642 de
765 597 831 660 quo
854 579 887 642 in
917 579 1030 662 scripto
1049 577 1157 640 fidescrit
1188 590 1197 720 Ι

244 667 383 730 acienda.
1195 721 1196 724 ,

268 755 318 818 23.
341 755 442 820 ludex
468 759 493 820 si
523 776 582 841 pro
608 757 768 822 validitate
795 758 993 822 matrimonii
1016 757 1156 821 sententian
1191 727 1196 817 l

229 845 354 920 dixerit,
366 853 397 907 et
409 863 504 911 nemo
519 865 555 910 es
578 847 768 928 conjugibus
781 857 893 910 contra
908 866 979 910 eam
989 845 1158 930 appellaverit.

229 954 332 1019 neque
347 935 493 999 defensor
519 937 713 1000 matrimonii
734 935 923 1018 appellabit,
949 944 978 999 et
1001 955 1084 998 causa
1102 935 1158 996 finita

228 1033 407 1089 censeatur.
433 1024 459 1086 E
474 1038 583 1089 contra
602 1027 627 1088 si
642 1025 880 1090 matrimonium
899 1027 1022 1089 nultum
1038 1025 1159 1086 luissede

227 1114 370 1190 creverit,
382 1115 530 1196 quamvis
544 1117 695 1198 conjuges
706 1115 828 1195 judicio
839 1115 965 1198 praelati
978 1115 1158 1196 acquieverint,

227 1203 373 1267 defensor
394 1206 584 1267 matrimonii
614 1204 860 1285 appellationem
886 1203 989 1268 lacere
1010 1201 1159 1279 debebitis·

227 1311 341 1356 novam
357 1295 545 1356 sententiam
570 1293 610 1356 ab
645 1293 708 1356 alio
724 1292 877 1356 tribunali
894 1293 1070 1373 postulare3
1094 1309 1158 1372 quan

226 1383 470 1466 appellationem
493 1385 615 1465 primus
641 1383 738 1460 judex
763 1381 917 1466 impedire
945 1383 1031 1446 nulla
1058 1399 1158 1460 unquan

227 1473 350 1535 ratione
389 1473 502 1554 poterit
538 1473 590 1553 (l).
621 1471 749 1535 Interim
790 1471 976 1536 nullatenus
1008 1471 1159 1554 permittetur

227 1563 372 1644 partibus
387 1579 484 1623 noras
504 1561 630 1642 nuptias
651 1561 743 1624 inira.

265 1649 414 1721 Quamvis
438 1648 643 1732 appellationi
660 1648 900 1732 interponendae
917 1650 1001 1714 nulli
1014 1647 1106 1713 fatales
1115 1647 1156 1710 lm

226 1735 343 1800 vinculi
371 1736 529 1802 defensori
558 1741 665 1802 statuti
697 1739 771 1815 sint,
814 1739 997 1803 curandum
1022 1749 1116 1810 tameo,
1133 1745 1152 1794 tl

225 1827 413 1911 quantocius
440 1826 472 1890 id
488 1827 551 1892 fiat.
576 1829 662 1904 Quod
686 1829 712 1892 si
738 1825 881 1892 defensor
896 1829 967 1910 ipse
991 1829 1049 1892 hoc
1080 1839 1148 1888 muru

224 1919 409 2002 neglexerit,
435 1917 584 2000 compelli
613 1919 651 1982 ad
675 1918 705 1982 id
719 1919 834 2001 poterit
857 1917 907 1981 rel
923 1935 944 1980 a
960 1936 1019 1981 suo
1038 1919 1142 1999 apert

224 2007 383 2070 ueletiam
414 2006 541 2084 abillo,
568 2006 652 2089 apud
665 2027 763 2092 quem
784 2006 823 2070 de
837 2006 909 2087 iure
937 2005 1148 2090 appellatos-at

224 2095 381 2162 iacienda.

262 2185 310 2248 tt.
337 2185 479 2266 inspecta
503 2185 633 2268 speciali
648 2185 827 2250 conditione
855 2185 1034 2251 dioecesum
1058 2185 1153 2247 orienta-

221 2276 313 2354 lium,
337 2274 414 2340 0rdo
436 2274 740 2358 appellationiserit,
757 2283 851 2358 prout
879 2275 1036 2356 sequitur.
1050 2273 1077 2336 Si
1088 2271 1154 2354 prim

252 2482 289 2545 ll)
304 2481 420 2540 Quamvis
433 2483 464 2531 de
484 2483 571 2544 regula
584 2482 693 2546 generali
712 2484 827 2532 detentor
840 2482 995 2534 matrimonii
1011 2476 1155 2546 semperrpprl·

221 2547 274 2594 lare
291 2547 378 2594 debeat
392 2559 405 2594 a
420 2547 541 2594 tentantia
567 2559 615 2608 qua
636 2546 779 2596 declaratur
793 2547 888 2596 nullum
905 2547 1079 2597 matrimonium
1089 2557 1101 2591 a
1111 2551 1155 2589 errat

221 2608 367 2671 episcopali,
389 2607 528 2670 excipiendi
541 2615 600 2656 sunt
615 2611 698 2658 umen
723 2623 795 2658 casus
825 2609 947 2658 nullitatis
973 2609 1088 2668 evidentis,
1108 2603 1154 2675 jutta

220 2684 327 2732 sequens
350 2673 477 2720 decretum
487 2671 514 2723 S.
527 2671 552 2720 G.
568 2673 594 2720 8.
613 2671 704 2732 Officii,
720 2672 761 2722 die
772 2671 864 2720 litunii
876 2669 939 2722 tetta
952 2687 960 2722 r
977 2693 990 2719 a
1003 2670 1090 2732 Quando
1099 2672 1154 2728 tatur

221 2734 251 2781 de
266 2734 443 2794 impedimento
459 2733 610 2797 disparitatis
631 2735 719 2795 cultus,
749 2738 774 2784 et
802 2734 931 2784 euidenter
945 2743 1041 2786 condat
1052 2743 1108 2782 unam
1119 2739 1153 2795 μ’

220 2801 270 2845 tem
289 2809 344 2844 esse
357 2797 513 2858 baptizatam,
531 2805 557 2846 et
570 2797 673 2846 alteram
691 2811 740 2846 non
756 2795 831 2846 luisse
847 2798 1000 2860 baptizatam
1015 2813 1022 2859 ;
1035 2795 1152 2860 quandoid·

219 2861 260 2908 tur
272 2859 303 2907 dc
317 2857 493 2918 impedimento
503 2859 639 2922 ligaminis,
653 2864 679 2910 et
692 2865 759 2910 certo
772 2862 871 2908 constat
884 2861 992 2921 primum
1002 2859 1150 2922 conjugere-‘tt

219 2919 360 2985 legitimum
378 2926 402 2970 et
411 2921 493 2970 adhuc
506 2922 588 2971 rivere
599 2936 605 2981 ;
618 2923 717 2984 quando
729 2921 836 2982 denique
846 2923 927 2986 agitur
938 2926 971 2976 de
986 2919 1145 2986 conmuctlttlli

219 2983 391 3033 arrtatlloitate
402 2997 432 3032 ex
445 2985 533 3045 copula
550 2985 627 3038 licita.
645 2983 777 3034 autetiam
792 2985 822 3034 de
837 2985 987 3049 cognatione
1014 2971 1140 3050 spirtrclmtl

219 3047 250 3095 de
272 3045 447 3108 impedimento
475 3046 680 3096 clandestinitatis
693 3047 719 3096 in
735 3047 795 3096 locis
817 3049 859 3096 ubi
876 3049 1006 3100 Decretum
1031 3045 1142 3098 Tritannum

222 3109 334 3158 Tametsi
345 3109 499 3172 publicatum
513 3113 561 3166 est,
572 3111 609 3158 vel
622 3111 658 3158 uti
673 3111 723 3160 tate
746 3110 789 3160 diu
817 3112 986 3171 observatum,
1012 3104 1113 3177 odardo
1127 3109 1148 3144 ²¹

219 3177 286 3219 certo
300 3175 325 3219 et
337 3170 478 3220 arrtlrentico
497 3171 654 3234 documento,
672 3173 722 3227 vel,
744 3172 770 3222 ln
788 3171 861 3234 hujus
877 3175 986 3236 delectu,
1008 3189 1038 3225 ox
1060 3173 1149 3220 ramsu-

218 3233 340 3296 gnmcntis
352 3235 478 3283 evidenter
497 3239 593 3284 constet
607 3237 637 3283 de
661 3235 793 3284 existentia
807 3235 948 3296 huiusmodi
966 3233 1150 3302 impedimentum

219 3297 335 3346 Ecclesiae
347 3298 491 3348 auctoritate
506 3311 555 3346 non
570 3299 776 3360 dispensatorum,
786 3300 854 3347 hisce
868 3299 894 3348 in
908 3301 1012 3362 casibus,
1023 3296 1151 3362 prmolttfssll

217 3359 417 3410 solemnitatibus
437 3361 463 3410 in
481 3361 659 3410 Constitutione
670 3363 806 3433 apostolica
819 3359 865 3411 Del
879 3365 1040 3415 maceratione
1052 3357 1151 3418 retornus

217 3421 395 3472 matrimonium
415 3423 504 3488 poterit
522 3425 553 3472 ab
572 3423 707 3474 Ordinarirs
719 3425 841 3473 declarari
856 3426 964 3487 nullom,
979 3439 1031 3476 cnm
1050 3415 1151 3470 intererit

217 3487 300 3600 {2¹an
329 3487 465 3537 defensoris
482 3485 575 3536 vinculi
592 3487 792 3550 matrimonialis,
807 3487 868 3549 quin
888 3491 991 3552 opossit
1013 3482 1149 3538 secuodsstt·

243 3562 330 3602 ors.»
