2526 3988
441 289 526 336 arnan
548 287 682 336 uramus.
1004 266 1043 326 El

80 401 185 470 cuibus
199 404 351 477 innititur,
364 421 427 466 non
439 400 640 465 minirsbodie
655 403 726 463 sunt
740 406 822 462 certa
836 396 931 483 quim
943 391 1017 458 olim
1035 412 1044 456 :

79 493 305 557 undetenendae
317 501 390 557 sunt
401 495 491 554 bodie
507 499 656 574 tanquam
667 489 842 552 certissima
863 483 1047 570 propositio-

76 599 127 644 nes
139 591 303 666 sequentes
317 583 367 666 (V.
385 601 472 665 prop.
488 585 540 656 aa,
554 588 627 658 etc,
642 577 776 662 Syllaba]
796 597 805 641 ε

115 681 204 742 atat.
218 714 262 726 —
284 682 316 743 f·
336 681 428 744 Ratio
449 677 598 743 tradendo
615 679 759 743 doctrine
776 697 868 742 aocroe
881 678 997 740 omnint
1021 685 1050 740 et

77 766 219 830 cartusiae
231 769 275 832 ad
290 769 512 833 eclesiasticum
525 771 732 832 auctoritatem
744 775 856 852 spectat
870 786 881 829 .·
895 767 977 830 unde
990 767 1051 830 Cle·

79 873 162 918 mens
174 859 241 920 XIV
253 859 285 921 in
295 877 352 922 suo
365 859 451 922 Brevi
465 858 693 922 adstanislaum
705 859 819 921 directo
831 861 869 920 aa
880 856 946 922 dec.
960 860 1050 933 trra,

77 945 118 1005 sic
130 944 339 1028 alloquebatur
356 968 363 1010 :
381 947 485 1011 «lllrtd
504 947 557 1008 tibi
571 949 764 1029 potissimum
784 944 1050 1028 prospiciendum,

78 1057 90 1088 a
114 1039 146 1095 ut
159 1053 231 1116 quae
250 1036 405 1100 facultates
423 1036 458 1100 ad
479 1035 632 1118 religionis
653 1036 795 1118 dogmata
814 1053 851 1098 ac
863 1033 1051 1115 disciplinam

79 1143 92 1180 a
114 1123 308 1202 referuntur,
323 1143 406 1188 sacra
421 1125 565 1187 nimirum
580 1125 728 1207 theologia
743 1131 773 1187 et
789 1123 971 1186 canonicum
982 1123 1049 1202 jus,

79 1233 92 1265 a
114 1211 258 1278 Ecclesiae
268 1214 434 1277 auctoritati
448 1213 602 1276 subsint...
618 1215 729 1278 Praeter
742 1213 897 1277 facultates
910 1213 963 1274 bas
976 1213 1052 1276 duas

79 1321 92 1356 r
114 1308 223 1365 cetera
236 1303 347 1382 etiam,
360 1322 414 1366 seu
425 1303 544 1385 privatis
555 1321 609 1366 seu
622 1303 750 1384 publicis
763 1303 795 1366 in
809 1302 938 1380 scholis,
955 1301 1053 1364 studia

79 1411 93 1446 a
116 1392 251 1472 subjecta
265 1410 332 1456 esse
345 1394 564 1475 Episcoporum
578 1411 659 1455 curae
668 1393 778 1456 debent
790 1439 799 1470 ‚
813 1392 850 1455 iis
864 1391 1006 1454 omnibus
1021 1393 1052 1452 in

81 1500 94 1534 a
116 1479 206 1542 rebus
229 1501 299 1564 quae
323 1482 361 1544 ad
379 1481 557 1564 religionem
577 1499 736 1563 moresque
757 1482 908 1564 pertinent
928 1501 936 1542 ε
954 1499 1053 1562 neque

82 1588 96 1623 a
119 1570 262 1652 magistro
284 1571 428 1654 cuiquam
450 1570 577 1633 docendi
607 1579 736 1652 potestas
757 1570 843 1650 fieri,
867 1571 941 1653 quin
970 1570 1054 1650 pribs

82 1677 95 1712 a
119 1656 186 1721 fidei
201 1659 422 1742 professionem
435 1659 466 1721 in
482 1659 748 1722 manustlrdiaarii
762 1661 807 1722 sui
817 1659 966 1732 emiserit,
983 1678 1052 1740 qum

85 1749 282 1828 »quotannis
307 1749 365 1812 erit
393 1749 586 1828 renovanda,
608 1755 642 1811 ut
665 1749 740 1811 sacri
768 1766 899 1812 canones
930 1765 967 1810 ac
989 1750 1053 1830 ipsa

85 1835 207 1899 retiam
232 1838 399 1918 generatim
427 1845 547 1920 recepta
576 1839 654 1901 inter
679 1838 842 1901 catholicos
867 1837 1052 1901 consuetudo

88 1941 101 1979 t
123 1927 358 2004 praescribunt.»
374 1926 460 2008 (Vide
474 1945 523 2010 ap.
541 1928 647 2004 Boniti,
658 1927 714 2004 ila,
729 1945 760 2008 p.
778 1931 861 2005 aaa.)

123 2017 208 2078 5525.
233 2049 270 2064 -
291 2021 323 2078 2⁰
346 2017 572 2098 Consequenter
593 2015 742 2078 saecularis
769 2020 899 2097 potestas
927 2018 1052 2097 nequit,

91 2099 320 2185 independenter
334 2105 371 2167 ab
381 2105 525 2183 Ecclesia,
540 2104 694 2166 facultates
708 2121 826 2180 sacrm,
838 2105 1053 2166 autUnirersi-

89 2195 154 2254 tates
170 2195 203 2258 in
224 2195 335 2278 quibus
353 2194 508 2258 facultates
528 2211 621 2256 sacrae
641 2191 956 2275 comprehenduntur,
972 2193 1054 2256 insti·

88 2283 163 2344 tuere
176 2291 231 2348 aut
244 2302 359 2366 regere.

122 2374 212 2436 5526.
227 2407 267 2420 -
279 2377 312 2436 3⁰
331 2372 512 2438 Ciericmarm
534 2393 568 2435 aa
586 2373 701 2455 magnis
719 2381 748 2435 et
764 2371 868 2454 porcis
887 2374 1055 2436 seminariis

89 2456 221 2524 instituto
242 2461 443 2525 ecclesiasticae
461 2464 603 2546 potestati
630 2471 660 2525 et
680 2462 819 2544 regimini
840 2463 1054 2546 Episcopornm

89 2552 159 2610 certd
170 2550 323 2634 subjacent
333 2570 344 2610 .·
356 2559 388 2614 et
399 2553 525 2614 omninb
537 2552 578 2614 ita
587 2557 633 2613 est
645 2551 822 2628 tenendum,
838 2559 927 2631 prout
940 2561 1057 2614 constat

69 2636 143 2700 ‘sire
159 2660 199 2703 ex
219 2640 334 2704 Goncil.
355 2640 487 2704 Trident.
512 2645 597 2720 (sess.
622 2642 679 2717 23,
704 2657 729 2701 c
750 2641 823 2716 ta),
843 2639 904 2700 sive
918 2657 954 2701 ex
971 2642 1055 2704 Brevi

90 2723 248 2792 Clementis
269 2730 335 2794 xlv
354 2729 530 2812 Mopaapere
552 2731 590 2792 l8
612 2727 766 2790 decembr.
791 2731 887 2806 1773,
911 2727 949 2791 ad
971 2731 1056 2810 lgna-

90 2813 158 2878 tium
168 2819 266 2882 Vilnae
281 2819 312 2880 in
326 2819 450 2882 folonia
459 2819 653 2900 Episcopum,
665 2818 725 2879 sire
739 2836 775 2880 ex
787 2817 871 2879 Brevi
885 2818 994 2881 Leonis
1004 2823 1056 2883 xtt

91 2903 124 2964 ad
135 2909 241 2970 bever.
255 2909 319 2968 Itu.
331 2910 374 2970 De
388 2907 460 2968 Pius
476 2906 754 2988 archiepiscopatus
773 2907 984 2988 Lugdunensis
998 2909 1057 2971 Ad·

91 2994 318 3060 ministratorem
333 2997 558 3078 llpostolicum‚
583 2995 635 3058 ubi
655 2998 812 3059 occasione
839 2997 1056 3060 nonnullorum

91 3082 304 3170 Episcoporum
315 3087 415 3148 Galliae
429 3085 545 3148 consilii
558 3084 706 3148 scribendi
721 3086 759 3148 ad
773 3085 962 3149 Gubernium
973 3088 1057 3166 juxta

93 3176 221 3239 tenorem
249 3181 425 3258 sequentem
448 3194 455 3236 :
476 3177 540 3239 ule
566 3175 629 3237 suis
654 3175 821 3257 cependant
841 3175 910 3238 bien
932 3175 993 3236 loin
1019 3176 1058 3238 de

93 3282 106 3318 t
127 3266 332 3329 meconnaltre
340 3265 383 3326 les
392 3263 486 3326 droits
498 3263 732 3326 desumeillance
739 3272 769 3326 et
779 3265 817 3326 de
826 3263 991 3346 protection
1005 3263 1057 3345 qui

93 3371 107 3410 a
127 3354 401 3437 appartiennentau
415 3355 459 3415 roi
474 3371 526 3416 sur
539 3353 583 3416 les
595 3353 832 3416 etablissements
844 3350 886 3413 du
900 3370 1056 3433 royaume‚

95 3463 107 3500 a
128 3444 227 3525 quelle
241 3463 300 3525 que
314 3445 371 3506 soit
392 3444 456 3506 leur
478 3449 582 3506 nature
600 3449 631 3504 et
645 3441 708 3504 leur
721 3442 803 3520 objet
815 3459 845 3501 r:
861 3441 919 3504 hcc
932 3443 1058 3506 verbum

95 3534 288 3610 emolitanae,
296 3533 348 3610 ait,
360 3533 475 3594 admitti
490 3550 552 3593 nnn
566 3551 672 3614 posse,
688 3531 759 3613 quia
776 3529 881 3594 uedeo
895 3531 954 3593 lato
968 3551 1058 3596 sensu

96 3641 189 3704 aquo
212 3622 253 3684 ibi
279 3621 372 3702 accipi
396 3627 514 3702 potest,
531 3620 689 3681 ferendum
712 3635 774 3678 non
802 3620 899 3680 estin
926 3621 1059 3681 Ecclesia

98 3729 110 3767 ι
132 3709 250 3788 Christi,
264 3707 407 3791 quodque
417 3723 479 3771 non
493 3722 556 3770 uno
570 3705 602 3768 in
614 3704 748 3768 Concilio
757 3708 900 3768 untrooe
914 3705 1060 3780 rejectum
