2452 3984
429 293 656 342 eremmanos.
956 276 1012 340 au

50 397 177 459 nullum.
193 398 238 458 lta
259 395 425 459 decisumt
450 397 480 458 S.
502 397 612 477 Congr.
629 397 721 459 Conc.
747 393 838 458 refert
856 395 952 458 Bouix
967 395 1018 474 (Dc

50 486 160 560 ladio,
176 489 252 546 tom.
269 490 305 560 4,
323 507 353 566 p.
376 487 537 564 44)-446),
553 484 653 566 quoad
667 486 850 566 Episcopum
868 487 1020 548 Sonoren·

51 593 109 635 sem
125 575 170 650 (in
188 575 327 636 timerica
343 575 514 655 Septemtr.)
527 577 585 650 ,46
600 591 669 653 aug.
687 575 776 634 4848.
793 575 835 634 Dc
849 571 1022 654 hujusmodi

50 663 159 740 judicio
182 662 250 724 ride
265 663 420 732 Analecta,
444 667 495 724 4)ο
511 663 590 736 lira,
610 662 669 725 col.
693 663 844 738 847-930;
859 663 1021 744 Lequeux,

44 761 81 812 n·
92 754 152 814 84)
168 772 177 826 ;
195 749 333 813 Proelect.
349 751 383 813 S.
400 751 527 832 sulpit,
545 753 577 812 n⁰
589 753 660 814 666.

86 843 181 903 6694.
206 839 410 902 Exclamant.
427 839 650 922 Dispeadiosam
661 845 698 918 4,
709 839 744 902 de
757 838 900 916 tudiciis,
916 837 948 900 in
957 857 1025 901 cau·

53 929 89 990 sis
103 927 381 990 matrimonialibus
394 929 516 1010 procedi
531 934 629 1011 potest
641 928 818 1011 simpliciter
831 935 860 990 ct
875 927 908 990 de
920 927 1024 1008 plano,

53 1037 82 1078 oc
94 1017 162 1078 εἰπὲ
184 1017 313 1098 strepitu
319 1015 433 1099 judicii
450 1025 479 1080 et
498 1017 608 1100 fipurd.
630 1021 697 1081 Non
718 1024 820 1080 autem
840 1017 935 1098 liquet
948 1016 1027 1076 hanc

53 1105 227 1168 facultatem
249 1104 340 1168 luisse
354 1113 521 1170 revocatam
542 1125 597 1188 per
619 1105 710 1169 modo
731 1107 843 1170 dictam
866 1105 1024 1168 constitut.

55 1194 168 1259 Bened.
186 1196 264 1256 XIV.
279 1195 385 1257 Tutius
402 1201 504 1258 tamen
529 1202 595 1278 aget
607 1196 699 1275 judex
715 1197 740 1258 si
755 1195 883 1258 sormam
899 1193 1025 1276 plenarii

53 1283 158 1361 judicii
172 1282 322 1345 observet.
339 1285 460 1362 (uouit,
477 1284 536 1362 ib.,
551 1304 582 1366 p.
599 1287 683 1362 446.)

91 1372 178 1434 Nota
192 1371 275 1454 qudd
289 1390 325 1434 ex
337 1373 450 1435 Concil.
460 1372 592 1436 'l‘ridcnt
606 1377 690 1454 (sess,
702 1379 753 1451 44,
766 1391 833 1454 cap.
846 1377 897 1450 40,
913 1371 948 1434 de
957 1371 1028 1454 res.)

54 1469 81 1523 el
96 1463 204 1524 Consi.
229 1459 341 1524 Bened.
363 1463 426 1523 XIV
442 1463 500 1526 Dei
516 1463 720 1540 ma'serutioac,
741 1481 900 1526 causarum
924 1463 1027 1522 matri-

55 1549 240 1612 monialium
253 1550 396 1630 cognitio,
407 1551 548 1613 omnibus
557 1551 707 1630 judicibus
723 1551 927 1628 inferioribus,
939 1549 1029 1612 etism

59 1637 228 1719 abbatibus
240 1638 367 1714 nullius,
384 1640 472 1702 etium
487 1639 711 1716 Cardiaulilus,
727 1640 814 1702 luerit
825 1640 957 1716 sublata,
973 1657 1028 1699 noa

57 1727 192 1790 adstante
202 1727 303 1810 quouis
310 1727 467 1810 priuilegio
476 1731 756 1812 ucproescriptioue,
771 1749 804 1790 ac
820 1729 849 1790 E
845 1729 1028 1810 piscopotum

60 1819 179 1878 tuntum
199 1817 333 1879 examini
352 1826 382 1879 et
392 1817 601 1898 jurisdictioni
618 1819 713 1901 suerit
731 1825 878 1879 reseruata
891 1818 966 1878 :scd
979 1818 1030 1878 doc

59 1927 115 1967 aaa
129 1904 416 1988 impeditquomiaus
426 1905 603 1988 uliusjudex
617 1907 710 1989 possit
719 1905 884 1985 specialiter
898 1903 1028 1986 delegari

62 1995 100 2057 ab
113 1994 285 2057 ordinario.
301 1994 375 2057 Vide
390 1993 531 2056 Analecta
545 1993 610 2074 (iu,
626 1993 684 2056 col.
701 1997 781 2071 944).

100 2087 193 2146 6693.
216 2083 338 2154 Quaerit.
355 2087 387 2144 6⁰
402 2083 479 2156 Quid
493 2084 530 2145 sit
543 2081 710 2164 specialiter
724 2079 895 2144 laciendum
910 2080 1031 2162 quando

61 2174 161 2253 agitur
182 2170 220 2233 de
238 2189 379 2252 processu
394 2172 425 2234 in
448 2175 538 2236 eausa
553 2170 697 2234 nullitatis
719 2169 902 2232 matrimonii
915 2188 952 2232 ex
975 2169 1031 2230 im·

61 2261 238 2341 pcdimento
252 2261 457 2341 impotentia?

102 2351 195 2430 llesp.
211 2351 322 2410 Praeter
332 2349 397 2427 jam
413 2349 492 2412 dicta
506 2351 609 2427 (4433,
626 2351 707 2427 eto),
722 2357 791 2409 nota
807 2347 926 2430 ltqudd
942 2365 1031 2427 regu-

62 2437 165 2500 lariter
188 2444 314 2518 utraque
337 2455 426 2519 pars,
450 2437 511 2500 sive
533 2444 641 2520 potens
667 2439 728 2499 sire
749 2438 916 2518 impotens,
941 2437 1034 2516 possit

63 2525 286 2607 separationem
309 2531 410 2607 petere
428 2525 468 2588 ob
485 2525 733 2608 impedimentum
753 2524 936 2604 impotentias
954 2543 961 2582 :
981 2541 1033 2583 er-

63 2616 131 2696 cipe
153 2615 180 2676 si
193 2614 237 2676 uir
258 2614 391 2696 allegans
404 2615 557 2697 propriam
571 2613 762 2694 frigiditatem
776 2612 844 2674 ided
858 2612 887 2673 id
900 2611 988 2674 faciat
1001 2617 1035 2674 ut

64 2703 102 2766 ad
116 2703 191 2765 alias
213 2702 333 2784 nuptias
346 2703 488 2766 transitus
501 2703 707 2786 permittatur,
723 2701 793 2782 quia
813 2700 868 2764 sibi
882 2702 1033 2764 contradi-

64 2797 164 2868 ceret;
181 2809 283 2868 secus,
299 2792 322 2853 si
337 2791 479 2874 allegaret
491 2791 742 2874 impedimentum
752 2808 788 2854 ex
806 2790 1031 2873 parteleminae.

65 2879 152 2959 (Vide
166 2899 216 2963 ap.
234 2881 344 2958 Bouix,
359 2879 415 2959 iu,
428 2901 460 2963 p.
475 2885 559 2961 448.)

105 2973 196 3032 6684.
221 2969 300 3032 Noto
320 2974 352 3032 4ο
370 2971 449 3032 circa
462 2971 606 3053 temporis
620 2969 749 3052 spatium
771 2969 849 3032 intra
867 2971 949 3053 quod
964 2971 1035 3032 nul-

67 3057 132 3122 litus
146 3058 332 3121 matrimonii
344 3059 404 3140 peti
416 3065 528 3140 potest,
544 3059 626 3141 qudd
640 3061 665 3122 si
678 3067 805 3141 uterque
822 3062 932 3138 conjux
947 3059 1035 3120 latea-

67 3155 114 3210 tur
128 3143 399 3228 impedimentum,
423 3147 521 3210 audiri
534 3148 646 3212 debent
667 3149 835 3210 nullitatem
849 3148 1036 3229 postulantes

65 3254 263 3318 quocumque
276 3241 411 3316 tempore
421 3236 586 3318 etiampost
595 3237 706 3300 multos
716 3255 811 3298 annos
821 3239 899 3318 (cap.
915 3235 1036 3297 Frater·

65 3326 173 3386 altatis
186 3327 217 3402 6,
232 3331 262 3387 et
274 3342 341 3406 cap.
359 3324 448 3388 finale
462 3325 506 3386 tit.
523 3325 633 3404 talin.
648 3331 668 3387 4
683 3327 812 3402 Deerat.)
823 3343 830 3383 :
840 3324 864 3385 si
879 3341 958 3385 unus
973 3324 1035 3384 im-

65 3415 276 3498 pedimentum
299 3412 427 3476 affirmet
448 3414 522 3476 alter
540 3415 610 3476 vero
631 3421 736 3495 neget,
756 3413 802 3474 rel
820 3417 895 3473 tuno
916 3411 1035 3474 nullitas

65 3503 178 3586 petitur
205 3508 275 3564 aute
301 3503 467 3566 triennium
490 3502 681 3585 experientiae
704 3504 722 3564 t
743 3503 811 3582 jure
836 3517 1034 3580 concessum,

64 3593 193 3672 (4434),
215 3590 261 3654 vel
283 3597 350 3672 post
372 3590 462 3667 illud;
486 3593 509 3652 si
533 3593 704 3672 posterius,
729 3588 878 3650 audienda
901 3596 946 3650 est
968 3609 1037 3670 pars

66 3677 285 3744 reclamamus
302 3695 369 3756 cup.
386 3676 596 3740 Frotemltotts
609 3685 639 3741 et
652 3693 718 3756 cap.
729 3675 811 3740 tlnali
823 3673 1034 3750 modestalis,
