2462 3984
237 244 294 305 itt
455 255 592 304 canuam
612 255 712 302 rarius
733 253 814 301 roais
836 251 984 300 caracarcr.

275 364 366 424 8877.
387 355 525 422 Notanda
538 363 640 422 autem
663 363 744 436 sunt,
769 362 839 420 ante
858 356 979 436 omnia,
1003 357 1095 420 verba
1121 360 1195 419 Inno-

235 449 324 514 centii
334 451 384 526 iii,
396 467 463 533 cap.
473 445 553 510 uate
571 447 742 528 descriptis,
755 445 808 508 ubi
821 446 877 508 ait:
893 447 1097 510 rProcessum
1111 455 1195 509 oontn

234 561 249 598 a
275 537 368 600 nostri
382 537 510 599 formam
523 535 659 618 rescripti
670 554 706 596 ac
716 535 793 614 juris
806 534 944 596 ordinem
958 539 1137 597 attentatum
1151 535 1194 596 irri

235 649 249 686 8
274 626 581 690 tumdecernimuset
593 625 727 687 inanem.
739 621 930 687 »VideCard
941 621 1197 706 Sogliatlnatjn.

233 715 467 824 888898

688 872 747 954 §1-

240 1011 311 1074 uera
329 1011 478 1096 praecocia
499 1008 722 1075 criminationi
748 1007 929 1071 inchoatione
952 1025 1049 1072 causa
1070 1029 1160 1092 usquc
1173 1007 1200 1068 ut

491 1119 680 1174 contestatam
695 1109 778 1170 litem
792 1107 947 1171 ecclcsiae.

276 1263 365 1322 5878.
382 1294 422 1307 ·-
435 1263 458 1322 Ι.
482 1260 513 1322 8ἰ
537 1258 717 1342 procedatur
739 1255 1007 1334 accusationum,
1023 1263 1095 1320 ante
1115 1259 1201 1319 omnir

236 1355 391 1412 accusator
400 1347 488 1412 debet
499 1347 592 1429 judici
607 1347 759 1429 porrigere
773 1345 907 1408 libellum
919 1345 1123 1409 accusationis
1134 1367 1142 1423 ;
1154 1346 1199 1408 snt·

238 1438 299 1500 ticit
312 1443 346 1499 ut
362 1437 497 1520 privatim
511 1437 660 1520 porrigat,
683 1435 774 1497 modd
797 1433 852 1515 ipsi
874 1441 1019 1516 unquam
1031 1435 1128 1514 Judici
1144 1455 1199 1518 pra

236 1533 334 1588 santet
352 1527 437 1590 etad
455 1527 606 1608 publicam
628 1525 727 1586 delicti
751 1523 922 1586 vindictam.
944 1523 1022 1596 Ouid
1044 1525 1201 1603 expendere

238 1621 310 1678 tnnc
329 1615 436 1678 debeat
456 1624 484 1678 ct
502 1615 574 1698 quid
589 1633 677 1694 agere
694 1611 797 1692 judex,
812 1611 879 1676 vide
893 1612 1007 1675 dicium
1022 1612 1106 1694 apud
1123 1615 1200 1676 Bouii·

237 1703 293 1782 (De
306 1704 418 1781 ludia,
433 1711 508 1766 tom.
525 1709 555 1780 8,
569 1724 599 1784 p.
618 1703 697 1780 139).

276 1795 307 1855 Si
329 1793 506 1873 procedatur
524 1790 755 1853 denuntiationis
779 1789 846 1868 uui,
864 1807 954 1852 causa
976 1790 1094 1870 pariter
1114 1791 1201 1872 incipit

236 1881 274 1942 ab
294 1881 443 1944 oblatione
465 1880 556 1942 libelli
580 1880 660 1961 quod
676 1877 823 1942 subscribi
845 1878 935 1940 debat
954 1878 1201 1951 adenuntiaton,

236 1970 296 2032 site
314 1971 352 2032 sit
373 1970 503 2051 privatus
526 1971 586 2032 sive
600 1969 740 2050 publicus
760 1986 814 2030 sen
830 1969 997 2029 Promotor.
1014 1969 1097 2032 Huic
1116 1979 1218 2054 nutcnp

236 2055 336 2121 libello
354 2058 545 2121 denuntiator
569 2059 657 2119 debet
677 2064 837 2120 annectere
849 2055 1015 2118 indiculum
1031 2057 1201 2122 idoneorum

236 2149 376 2226 testium,
390 2149 436 2209 vei
450 2147 700 2209 documentorum
715 2145 857 2227 equibus
871 2145 1007 2226 probatio
1021 2147 1090 2208 erui
1105 2157 1200 2230 patrat.

277 2239 366 2300 5879.
389 2239 526 2317 inspecto
537 2244 638 2296 autem
646 2233 991 2297 denuntiationislibclio
1000 2242 1030 2296 et
1043 2239 1202 2300 examino

236 2342 275 2386 an
289 2323 371 2385 sitin
385 2323 482 2385 torma
495 2323 592 2385 debitat
605 2371 615 2402 ‚
629 2331 658 2384 et
678 2343 717 2386 an
729 2323 922 2385 denuntiator
936 2324 974 2384 sit
993 2322 1165 2406 legitimus,
1179 2347 1203 2390 ar

236 2413 359 2494 insuper
372 2431 412 2476 an
426 2420 561 2495 porrecta
573 2412 672 2474 media
686 2411 833 2474 sufficiant
847 2411 885 2473 ad
899 2411 1109 2493 probandum,
1123 2417 1204 2495 juder

235 2502 323 2564 debet
336 2501 594 2565 denuntiationem
607 2502 731 2580 rejicere
749 2501 773 2564 si
788 2499 900 2582 aliquid
916 2501 946 2562 in
961 2501 997 2562 iis
1011 2501 1135 2567 deficiat
1147 2526 1155 2566 :
1169 2507 1204 2568 sir

235 2593 305 2654 aero
323 2609 429 2670 secus,
452 2589 685 2674 expendendum
708 2589 806 2652 adhuc
826 2607 865 2651 an
881 2595 987 2670 prater
1005 2589 1206 2657 denuntiatio

236 2698 321 2751 nem,
338 2681 446 2760 praevie
460 2681 550 2742 etiam
565 2669 736 2762 requiratur
750 2677 788 2740 de
803 2679 931 2740 crimine
946 2677 1037 2741 tama.

274 2771 364 2830 8888.
387 2769 417 2830 Si
432 2768 611 2850 procedatur
625 2787 678 2850 per
692 2785 802 2828 inuam
816 2767 1017 2848 inquisitionis
1032 2775 1129 2850 viam,
1144 2779 1206 2836 tuor

236 2857 402 2918 necessaria
423 2864 554 2919 non-est
581 2857 672 2919 libelli
696 2857 864 2940 porrectio,
890 2855 941 2918 sed
960 2857 1057 2936 judici
1077 2871 1206 2924 constan

235 2945 324 3007 debet
339 2943 465 3024 juridice
479 2945 517 3009 de
532 2945 652 3028 publici
665 2944 868 3026 delinquentis
881 2943 979 3021 samm
998 2965 1062 3028 quo
1077 2968 1134 3030 per
1145 2969 1216 3018 exa-r

236 3052 306 3096 men
316 3035 436 3096 testium
451 3035 589 3112 constitu,
605 3039 702 3115 potest
714 3033 807 3113 iudex
820 3031 909 3096 edere
921 3033 1083 3097 Decretum
1094 3037 1216 3102 (18818ΣΙ

236 3123 298 3184 nus
312 3129 416 3185 contra
429 3121 618 3186 diffamatum
633 3120 839 3204 procedendo;
852 3128 923 3184 uota
936 3129 1038 3185 autam
1053 3127 1138 3208 qudd
1154 3127 1206 3188 sen

235 3229 393 3294 nunquam
428 3211 606 3294 procedatur
639 3211 698 3275 hoc
731 3211 823 3273 modo
855 3227 946 3274 merae
977 3211 1206 3295 inquisitionis;

235 3303 347 3383 quippe
366 3299 526 3364 deficiente
549 3301 662 3383 privato
679 3300 903 3374 denuntiatura,
921 3301 1083 3366 Promotou
1102 3305 1215 3384 fiscalia

235 3389 375 3470 supplere
384 3389 476 3464 solet,
485 3395 517 3451 ct
529 3389 561 3450 in
571 3389 629 3452 hoc
643 3409 714 3453 casu
727 3389 896 3452 necessaria
909 3395 964 3469 est,
980 3397 1014 3452 ut
1028 3391 1121 3456 modd
1132 3393 1215 3466 dixit

236 3494 322 3555 mus,
337 3477 428 3540 libelli
442 3479 600 3560 porrectio.

275 3565 306 3625 Si
334 3565 512 3644 procedatur
537 3585 592 3647 per
614 3565 693 3627 uiam
723 3567 921 3652 acceptionis,
944 3568 1099 3651 excipiens
1120 3569 1191 3636 deb

237 3647 376 3713 extrtbere
392 3647 485 3732 judici
498 3649 633 3716 libellum
648 3655 868 3718 curatoriam
881 3654 919 3719 de
932 3655 1061 3721 crimine
1077 3475 1215 3780 utica!
