2452 3984
210 142 268 203 alo
448 157 584 202 mannaan
604 155 706 203 rorrus
725 153 808 200 rarus
829 151 975 197 nluouror.

209 281 225 318 a
250 271 283 318 n⁰
297 260 359 335 76),
374 256 496 338 quando
511 255 658 318 beneficia
672 252 871 336 permutanda
885 259 954 314 sunt
962 250 1164 332 inaequalium

209 369 224 405 n
249 345 336 407 liccat
346 345 578 426 inaequalitatem
589 360 786 424 compensare
796 359 850 422 por
859 340 992 422 aliquam
1005 340 1164 421 pensionem

209 456 224 492 n
250 434 471 514 seupecuniam
482 429 835 505 auctoritatel'ontilicis3
851 429 980 490 affirmat
993 427 1168 508 probabiliter

212 544 225 579 n
249 522 347 602 prrima
373 523 573 597 sententia...,
594 519 666 601 quia
687 524 762 580 tuno
781 517 855 580 nudi
868 517 947 580 tituli
967 515 1168 578 beneficiorum

212 633 226 668 »
250 609 425 690 simpliciter
439 615 673 682 commutantur,
698 607 750 670 sed
764 613 940 687 separantur
954 607 972 667 a
985 611 1167 687 proventuum

211 721 226 758 u
249 699 387 778 iuribus,
403 719 470 782 quas
483 697 661 780 temporalia
674 701 762 772 suot,
782 701 811 757 et
824 714 878 776 per
892 694 985 757 alium
999 699 1167 756 contractum

213 811 228 847 1
251 796 464 869 compensatur
477 805 677 862 excessus...;
692 789 782 865 negat
801 785 871 846 verb
893 782 1025 846 secunda
1039 783 1166 844 sententia

213 899 228 936 n
252 876 475 958 probabilius...
502 875 575 956 quia
591 879 670 936 esset
687 872 816 935 simonia
837 879 941 936 contra
960 872 1011 951 Jus
1031 869 1169 943 divinum,

213 988 228 1019 a
253 965 327 1027 dum
341 970 492 1027 coleretur
506 961 658 1044 spirituale
668 961 908 1043 protemporali3
925 960 976 1022 ille
990 959 1073 1021 enim
1085 977 1171 1022 exces-

214 1076 229 1111 1
254 1072 306 1116 sus
326 1057 545 1134 consequenter
559 1057 604 1113 est
621 1067 758 1112 annexus
771 1043 859 1112 tit'ulo
877 1047 1024 1130 spirituali
1037 1047 1170 1110 benelicii.

215 1163 229 1200 u
255 1143 405 1204 Caeterum
422 1141 527 1202 dicunt
540 1139 699 1210 salmani..
723 1139 827 1215 11136,
843 1155 930 1219 posse
943 1135 1120 1200 Pontificem
1132 1152 1172 1214 ap·

215 1251 230 1288 n
255 1229 383 1310 probare
403 1233 609 1304 contractum,
632 1245 695 1289 non
714 1244 769 1308 per
792 1226 919 1288 modum
940 1225 1171 1307 permutationis,

216 1339 231 1375 n
256 1316 308 1380 sad
326 1315 494 1399 separando
508 1317 526 1378 a
540 1313 688 1378 beneficio
698 1313 850 1397 pinguiori
865 1320 981 1396 partem
995 1312 1142 1376 fructuum
1152 1319 1173 1374 ol

217 1428 232 1466 a
258 1406 343 1468 alteri
358 1404 472 1469 dando.

256 1498 348 1558 6161.
369 1515 385 1554 n
409 1497 530 1558 Certum
544 1499 590 1557 est
601 1499 702 1557 autem
716 1511 782 1556 csse
797 1491 977 1564 simoniam,
993 1504 1173 1574 compensare

218 1583 385 1666 »mauolt
412 1601 570 1647 excessum
606 1581 659 1664 qui
686 1582 724 1644 sit
746 1582 778 1643 in
805 1599 838 1644 re
863 1581 1026 1663 spirituali,
1057 1588 1127 1663 puta
1146 1578 1174 1639 ob

218 1693 233 1729 n
258 1673 405 1750 majorem
421 1671 620 1752 dignitatem,
637 1669 890 1749 jurisdictionem.
907 1672 1016 1731 Contra
1037 1669 1106 1731 verb
1127 1687 1174 1730 non

219 1781 234 1818 n
259 1767 304 1822 est
321 1760 448 1822 simonia
468 1764 656 1822 commutare
678 1757 861 1821 beneficium
878 1758 1022 1841 pinguius
1044 1775 1112 1820 curu
1132 1756 1176 1818 alic

219 1869 234 1908 a
259 1847 414 1930 digniore,
429 1847 522 1910 modd
539 1848 641 1909 nullus
663 1845 808 1910 habeatur
828 1852 983 1928 respectus
1000 1845 1039 1908 ad
1051 1863 1176 1927 oempco

219 1957 235 1996 n
260 1937 388 2000 sendum
401 1953 560 1999 excessum
569 1935 741 1998 reddituum
751 1953 823 1998 cum
833 1953 958 1997 excessu
971 1932 1173 2015 dignitatis...»

220 2024 296 2088 Vide
311 2025 435 2106 insuper
448 2023 527 2087 dicta
540 2043 632 2105 supra
645 2027 746 2102 (5160,
761 2026 845 2102 etc.).

260 2117 349 2176 6168.
373 2115 404 2176 Si
431 2114 500 2195 quis
524 2118 626 2175 autem
652 2113 785 2194 resignet
807 2112 990 2176 beneficium
1017 2115 1099 2179 alleri
1124 2115 1176 2177 siml

221 2208 326 2284 pactu,
346 2201 398 2263 sed
419 2219 490 2264 cum
510 2220 563 2283 spe
584 2207 617 2262 ut
637 2200 686 2263 illc
700 2219 738 2263 ex
751 2201 814 2264 sola
828 2201 1010 2283 gratitudine
1023 2204 1130 2267 iterum
1143 2221 1177 2264 re·

222 2291 320 2369 signet
333 2289 365 2350 in
380 2291 426 2352 sul
448 2288 597 2366 favorem,
612 2289 659 2350 vel
673 2289 766 2352 solvat
779 2289 893 2371 aliquid
914 2309 950 2352 ex
965 2291 1102 2355 beneficii
1116 2292 1178 2353 lruc-

221 2377 318 2456 tibus,
344 2383 461 2441 oenum
484 2385 528 2441 est
551 2395 613 2441 non
637 2395 703 2440 esse
730 2378 891 2440 simoniam
910 2379 979 2458 jure
1001 2379 1112 2459 divino,
1135 2397 1178 2440 nm

222 2467 369 2530 canonico
397 2467 547 2550 antiquo,
575 2466 643 2530 licet
674 2467 712 2528 sit
736 2465 822 2529 valde
848 2469 1070 2548 periculosum,
1098 2468 1179 2549 inquit

223 2560 254 2618 S.
271 2559 392 2637 Lignor.
408 2556 470 2636 (lib.
487 2559 518 2634 3,
534 2565 567 2618 n⁰
582 2559 644 2636 85),
659 2561 689 2618 et
701 2555 882 2638 plerumque
901 2553 1031 2620 simonia
1044 2557 1178 2620 mentalis.

223 2677 262 2692 -
278 2648 325 2705 An
338 2662 410 2706 vero
423 2645 489 2707 talis
503 2645 664 2725 resignatio
684 2644 722 2706 sit
740 2644 869 2708 simonia
882 2663 921 2707 ex
937 2645 1039 2709 Consi.
1056 2647 1099 2709 Pii
1111 2647 1146 2708 IV
1158 2649 1180 2704 et

223 2735 256 2794 S.
271 2732 316 2794 Pii
330 2734 356 2794 V
370 2735 381 2771 ¹
395 2733 623 2797 controvertitur
639 2753 647 2794 :
663 2739 693 2795 et
707 2731 892 2814 probabilius
908 2741 1036 2816 negatur
1048 2736 1068 2798 a
1080 2735 1111 2798 S.
1125 2733 1178 2814 lig.

224 2819 291 2900 (id,
306 2830 340 2883 n⁰
353 2823 419 2900 86),
434 2821 551 2884 etiamsi
569 2823 724 2904 resignans
742 2820 874 2884 declaret
894 2840 982 2886 suam
996 2823 1178 2898 intentionem

224 2927 290 2972 esse
302 2915 336 2973 ut
350 2908 587 2972 alterremaneat
596 2909 744 2992 obligatus
757 2909 795 2990 ad
809 2911 1025 2993 resignandum
1039 2911 1071 2974 in
1081 2911 1177 2980 loturo.

225 2998 317 3062 mudd
339 2997 414 3060 alter
437 3015 498 3059 non
519 2999 691 3081 promittat,
706 2999 779 3082 quia
794 3000 839 3062 sic
856 3000 939 3063 deest
952 3009 1084 3083 protunc
1102 3004 1177 3064 Serus

225 3093 328 3151 umen
340 3091 386 3150 est
398 3084 563 3150 dicendum
576 3086 601 3148 si
616 3087 771 3168 resignans
788 3087 919 3152 declaret
930 3089 1007 3152 velle
1020 3097 1054 3153 ut
1066 3090 1177 3153 solvatur

226 3177 333 3260 pensio
346 3193 385 3238 ex
402 3174 549 3238 fructibus
564 3195 572 3236 ε
595 3175 667 3257 quia
680 3176 738 3238 hoc
751 3183 797 3240 est
809 3179 963 3260 signanter
975 3196 1143 3262 expressum
1153 3176 1176 3236 in

227 3267 314 3329 Bulla
328 3265 369 3344 (S.
384 3263 519 3344 Lignum,
533 3263 588 3344 ib,
604 3265 667 3346 87).

267 3359 355 3417 6169.
368 3359 445 3414 -40
459 3355 557 3415 Etiam
579 3360 662 3416 extra
682 3355 849 3432 beneficia,
875 3362 961 3438 pacta
982 3361 1108 3439 possunt
1125 3369 1176 3418 esse

227 3441 392 3504 simoniaca
404 3461 441 3504 ex
455 3443 519 3504 solo
530 3443 597 3520 jure
611 3443 752 3524 positivo,
768 3445 811 3507 sic
825 3445 863 3506 ab
876 3445 1009 3510 Ecclesia
1022 3446 1176 3530 prohibetur

259 3553 266 3580 ⁴
284 3553 386 3604 'lentum
394 3555 470 3607 Bulba
480 3555 505 3606 S.
517 3555 554 3607 Pii
563 3555 590 3618 tl,
600 3556 654 3606 vida
663 3557 726 3622 apud
738 3559 854 3622 Ferraria,
864 3562 1013 3624 r⁰Simcnin‚
1023 3568 1069 3614 art.
1080 3563 1101 3622 l.
1111 3573 1136 3610 ua
1146 3555 1171 3604 lt
