2526 3988
451 240 535 290 amun
556 243 688 290 rannus.
1039 223 1058 288 3

78 335 244 414 delictum,
259 340 314 402 aed
329 341 447 402 tantum
465 348 562 421 posset
577 359 663 403 reum
677 339 808 403 adalind
822 339 950 403 tribunat
966 337 1058 402 citare

78 433 108 486 et
120 433 229 488 contra
240 427 343 508 ipsum
356 429 562 491 testimonium
577 429 654 490 terre
662 458 671 504 5
682 435 711 490 et
721 429 837 491 etiamsi
849 429 970 490 haberet
980 427 1058 489 hanc

79 521 272 594 potestatem,
287 524 381 597 prout
393 516 555 598 atiquando
573 517 751 580 habentdux
767 518 880 579 militiae
892 523 922 579 et
937 517 1057 598 provin-

78 603 133 664 ciae
142 605 341 686 gubernator,
352 623 414 667 non
424 606 542 686 proprie
547 605 697 684 judicium
707 605 826 668 forense
835 605 1055 686 pronuntiaret,

79 699 113 752 ut
122 693 190 771 jam
204 693 355 766 diximus,
369 693 422 757 sed
433 693 533 756 sotum
544 702 696 758 exerceret
709 701 810 758 actum
823 694 1055 776 disciptinarem.

120 801 212 861 5479.
229 831 272 846 -
282 799 313 860 4⁰
326 797 598 880 Requirituretiam
609 817 687 870 rcus,
704 799 815 862 scilicet
827 817 952 881 persona
967 801 985 860 a
998 801 1058 882 qud

80 885 195 967 aliquid
206 888 357 969 exigatur,
367 887 413 950 rel
422 887 576 970 punienda
589 895 710 971 propter
724 887 865 950 delictum
873 888 1055 968 postulatur:

80 983 164 1038 actor
176 977 264 1038 enim
277 975 361 1040 nullo
373 975 465 1039 modo
479 977 664 1040 necessarius
675 976 751 1040 ioret
762 977 793 1038 in
804 975 918 1055 judicio
931 975 1056 1054 sorensi,

81 1066 139 1128 nisi
155 1067 252 1129 etiam
275 1085 346 1130 reus
367 1066 545 1130 intervenire
565 1067 597 1127 in
610 1084 647 1129 eo
666 1066 833 1128 necessario
848 1064 980 1128 deberet.
995 1067 1058 1128 Hoc

83 1157 213 1219 nomine
230 1156 276 1218 rei
297 1162 419 1219 vocatur
439 1159 511 1239 quia
529 1156 568 1219 ab
586 1155 652 1238 ipso
665 1163 717 1218 aut
729 1162 833 1222 contra
851 1155 950 1238 ipsum
965 1155 1059 1220 raeda

83 1247 144 1326 qud
157 1245 338 1328 disceptatio
350 1253 412 1324 est,
426 1248 444 1308 a
455 1244 557 1327 judica
567 1244 746 1328 postulatur.

123 1353 307 1413 adae-5·
316 1349 449 1413 Tandem
459 1349 621 1434 requiritur
629 1367 721 1414 conara
729 1347 911 1434 disceptatio,
919 1349 950 1413 id
961 1357 1016 1430 est,
1027 1357 1060 1414 ut

86 1440 282 1522 proterantur
301 1440 431 1503 rationes
451 1439 558 1503 actoris
584 1437 623 1502 ad
642 1439 829 1523 probandam
854 1441 1060 1522 postulationia

87 1548 150 1593 suaa
162 1531 311 1611 justitiam
323 1535 353 1594 et
366 1528 417 1592 fiat
427 1547 479 1593 reo
492 1528 617 1593 facultas
630 1529 672 1590 illi
686 1528 888 1612 respondendi
904 1549 912 1590 :
927 1529 1059 1612 alioquin

88 1620 238 1683 sententia
252 1619 367 1702 prolata
386 1637 449 1682 non
464 1625 541 1682 essct
552 1618 718 1699 judicialis,
734 1619 786 1681 sed
798 1619 917 1682 tantirm
931 1621 1059 1700 extraju-

88 1709 224 1773 dideria.
237 1713 303 1772 Non
312 1715 416 1772 tamen
428 1709 589 1790 requiritur
597 1714 630 1770 ut
638 1707 676 1770 de
688 1707 765 1771 iacto
774 1726 844 1772 reus
853 1725 954 1772 coram
961 1708 1060 1788 judica

90 1805 282 1882 compareat,
299 1807 375 1864 etse
392 1797 550 1876 defendat,
565 1797 618 1860 sed
633 1796 743 1861 sufficit
761 1803 796 1861 ut
808 1799 863 1881 ipsi
878 1796 929 1862 fiat
939 1796 1062 1862 facultas

92 1888 287 1972 comparendi
299 1897 329 1952 ct
341 1905 407 1952 sese
419 1885 620 1951 defendendi:
636 1905 707 1951 nam
721 1885 747 1950 si
760 1886 952 1969 adjudicium
964 1887 1063 1952 debito

91 1987 214 2043 recatus
223 2027 232 2059 ‚
242 1979 346 2042 venire
358 1985 490 2056 rccuset,
501 1975 557 2040 hac
566 1977 630 2059 ipst
643 1975 752 2059 agendi
765 1977 880 2040 ratione
890 1977 962 2041 satis
970 1977 1063 2041 mani·

95 2065 177 2131 instat
191 2087 224 2132 se
238 2086 305 2132 ease
314 2067 398 2130 omni
407 2065 519 2130 efficaci
531 2065 715 2129 defensionis
723 2063 823 2128 madio
830 2065 1005 2130 destitutum
1014 2085 1023 2142 3
1033 2071 1064 2131 ct

94 2159 117 2220 si
128 2157 186 2222 hoc
203 2177 267 2222 non
280 2157 430 2222 sufficeret
442 2162 476 2219 ut
486 2155 580 2236 judex
597 2161 698 2238 posset
710 2153 888 2218 sententiam
900 2152 997 2236 tarra,
1009 2154 1062 2222 ad·

93 2248 271 2312 ministratio
282 2248 405 2328 justitia
418 2249 436 2310 a
450 2245 584 2328 quolibet
597 2264 649 2309 reo
661 2251 762 2328 posset
776 2243 924 2329 impediri.

131 2351 211 2414 Nihit
220 2351 351 2433 amptius
361 2349 587 2432 requiruntDD.
597 2347 800 2412 adessentiarn
806 2346 1061 2428 judiciiiorensis:

94 2440 175 2503 unde
198 2440 265 2503 alie
282 2439 475 2502 formalitates
497 2436 615 2519 alege,
630 2437 720 2500 etiam
737 2436 793 2499 sub
816 2439 905 2518 poena
922 2436 1063 2500 nullitatia

94 2531 295 2612 prescripta,
311 2547 348 2592 ex
367 2527 432 2590 solo
443 2528 511 2606 iure
528 2527 654 2608 positivo
667 2526 872 2606 requiruntur,
889 2543 950 2588 non
963 2544 1001 2590 ex
1014 2543 1065 2590 na·

94 2623 159 2680 tura
177 2617 284 2698 judicii
304 2615 441 2681 forensis.
455 2614 582 2678 -Vidc
603 2615 698 2678 Bouix
714 2615 770 2689 (De
782 2613 925 2694 dediciis,
942 2619 1017 2679 tom.
1034 2617 1063 2698 t,

134 2811 319 2874 etan-11.
344 2801 389 2872 iix
402 2808 488 2872 dictis
498 2807 647 2888 judicium
659 2808 777 2872 forense
797 2810 877 2873 recte
898 2809 1062 2874 definitur:

90 2900 205 2982 judicis
217 2899 408 2962 sentcntiode
425 2899 499 2981 jura
512 2898 550 2958 ab
572 2908 667 2960 actore
686 2908 786 2960 contro
808 2918 889 2962 reum
906 2907 1063 2984 protenso,

92 2998 159 3072 poet
180 2988 308 3051 deditam
329 2988 564 3071 disceptationem
583 2987 713 3070 prototo.
733 2991 768 3050 ln
787 2988 844 3052 hac
859 2990 941 3052 euim
961 2988 1065 3052 defini·

96 3080 178 3142 tione
191 3079 385 3142 inveniuntur
404 3078 539 3162 quinque
553 3077 738 3142 conditiones
750 3095 842 3160 supra
855 3080 1016 3162 expositae,
1032 3081 1065 3142 ut

98 3167 183 3232 tacite
196 3167 296 3250 detegi
310 3175 417 3250 potest,

135 3277 226 3338 5482.
246 3274 323 3336 Nota
337 3273 418 3356 quod
433 3279 560 3355 potestas
571 3270 679 3353 iudicis
692 3289 753 3334 non
768 3273 805 3334 sit
823 3270 922 3334 solum
936 3273 1064 3351 potestas

98 3381 203 3426 causas
219 3361 440 3446 cognoscendi,
458 3370 489 3426 ct
507 3361 607 3443 quoad
620 3379 670 3422 aas
684 3359 885 3440 medicandi,
900 3359 952 3420 sed
972 3360 1063 3424 etiam

99 3459 228 3536 potestas
240 3451 361 3535 imperii
371 3471 425 3515 seu
434 3457 563 3534 potestas
573 3449 700 3532 cogendi
714 3449 752 3512 ad
764 3448 1018 3528 comparendum,
1034 3454 1063 3514 et

99 3544 276 3608 seutentiam
290 3543 322 3604 in
336 3540 544 3604 executionem
557 3537 725 3600 deducendi
741 3555 749 3598 t
766 3537 862 3597 inanis
874 3538 955 3598 enirn
965 3555 1061 3602 rema·

101 3643 199 3710 naret,
221 3641 255 3695 ut
277 3634 348 3694 satis
371 3631 481 3712 liquat,
504 3629 663 3692 aucteritas
679 3626 754 3703 puris
771 3625 888 3686 dicandi
910 3628 941 3686 in
959 3625 1061 3706 ⁴indica
