2452 3984
181 259 238 319 aas
398 269 538 316 nanuum
557 268 658 314 rorrus
679 267 760 313 runrs
780 267 928 313 cauouvcr.

182 373 212 434 Si
227 371 297 432 verb
311 369 476 450 peculiares
488 365 629 428 Ecclesiae
643 367 720 429 inter
731 384 762 427 se
776 365 986 444 dissociantur,
999 367 1079 430 salva
1089 369 1140 429 uni·

181 466 240 521 tate
251 458 335 535 fidei,
346 465 376 520 et
386 455 602 518 communione
612 473 683 517 oum
697 453 872 517 universalis
885 455 1027 518 Ecclesiae
1042 458 1140 538 Capite,

181 547 302 630 proprie
316 547 446 610 schisma
459 562 523 606 non
537 549 601 622 est,
616 543 669 606 sed
683 544 783 627 potius
796 542 985 606 voluntatum
999 550 1030 606 et
1043 545 1143 626 opinio

182 653 257 697 num
272 635 431 697 dissensio.

221 728 312 787 6132.
336 723 471 787 Schisma
486 727 532 787 est
552 725 583 786 l⁰
597 722 642 784 vel
658 741 786 804 punem,
801 720 827 784 si
847 739 919 784 curn
934 721 1018 784 nullt
1032 724 1144 802 conjura

182 819 269 896 gutur
286 812 408 890 haeresi,
425 811 508 894 quod
526 811 575 872 vix
596 811 660 872 lieri
682 815 797 892 potest,
819 815 853 873 ut
867 811 931 890 jam
945 809 1094 874 diximus:
1109 811 1143 887 si,

182 921 210 964 v.
232 923 276 983 ς,
292 921 421 983 regnum
435 901 480 963 vel
503 899 672 982 provincia,
691 897 893 962 obedientiam
908 901 997 980 Papae
1012 903 1146 981 tanquan

182 991 276 1074 Capiti
299 991 442 1054 Ecclesiae
467 1007 617 1066 renuens,
640 987 837 1050 constitueret
861 987 918 1048 sibi
937 988 1146 1064 Patriarobam,

183 1079 248 1142 sine
259 1083 348 1162 Papae
358 1095 519 1156 consensu,
533 1077 671 1159 quamvis
679 1076 717 1138 de
730 1083 839 1141 caetero
849 1083 994 1159 papatum
1009 1083 1040 1139 et
1053 1095 1149 1140 ornnes

184 1167 253 1230 fidei
269 1169 410 1230 articulos
424 1167 570 1230 crederet.

177 1257 180 1263 '
215 1253 279 1318 'Vel
295 1262 339 1319 est
351 1275 410 1318 non
420 1275 548 1339 purum,
564 1255 588 1318 si
602 1255 803 1337 conjungatur
815 1273 888 1318 cum
900 1255 1025 1319 haeresi:
1041 1275 1067 1320 v.
1086 1276 1113 1338 g.
1128 1255 1150 1317 si

185 1363 247 1407 non
261 1344 433 1408 admittatur
446 1345 597 1408 Primatus
607 1343 824 1426 jurisdictionis
838 1345 870 1408 S.
881 1343 1037 1408 Pontillcis
1047 1346 1080 1407 in
1092 1345 1152 1408 uni-

185 1434 332 1497 versalem
345 1433 524 1498 Ecclesiam.
924 1455 932 1476 ·

227 1529 259 1585 2⁰
281 1522 419 1586 Schisma
441 1529 486 1585 est
507 1522 599 1586 etiam
612 1523 658 1586 vel
671 1523 806 1606 speciale,
825 1523 870 1587 vel
888 1522 1053 1586 universale
1068 1543 1079 1584 :
1094 1543 1152 1606 spe-

185 1613 259 1676 ciale
279 1617 324 1675 est
337 1611 459 1693 quando
472 1611 580 1693 aliquis
598 1614 614 1674 a
628 1613 748 1694 propria
769 1613 921 1692 Ecclesit,
942 1631 1060 1693 suoque
1073 1611 1153 1693 Epis-

185 1719 262 1783 copo
287 1719 359 1763 oum
386 1699 557 1782 Apostoliet
572 1700 660 1762 ,Sede
687 1701 936 1764 communionem
959 1699 1105 1778 habente,
1125 1719 1154 1762 se

172 1791 296 1870 injuste
309 1796 444 1870 separat,
460 1797 490 1851 et
506 1789 629 1851 subesse
643 1789 770 1852 omnino
784 1795 911 1852 recusat.
931 1787 1103 1852 Uar'aerscle
1115 1797 1154 1851 est

187 1877 308 1959 quando
321 1878 464 1954 Ecclesia,
479 1877 646 1958 Episcopus
659 1877 704 1939 vel
721 1878 818 1958 quivis
831 1877 928 1940 tidelis
941 1877 1153 1958 subjectionem

187 1973 215 2029 et
230 1967 433 2029 obedientiam
446 1970 583 2028 Romano
598 1965 736 2028 Pontifici
749 1966 888 2049 denegat.

227 2059 318 2118 6133.
333 2057 454 2128 Quaerit.
465 2059 495 2117 l⁰
507 2057 653 2128 Quaenam
665 2056 724 2118 sint
734 2075 832 2138 poenae
841 2055 1155 2122 contrasohismaticos

187 2143 274 2205 lata?
886 2195 896 2208 .

226 2233 316 2311 Resp.
333 2231 365 2292 Si
380 2247 442 2291 non
453 2229 513 2290 sint
525 2231 609 2310 pari,
625 2231 746 2294 easdem
760 2249 866 2314 poenas
881 2233 1037 2298 incurrere
1051 2253 1087 2298 ac
1100 2233 1154 2296 bac-

187 2317 296 2398 retioos
310 2315 349 2378 de
362 2314 474 2400 quibus
487 2335 579 2382 sunra
591 2317 724 2382 diximus
737 2323 848 2390 161181.

232 2391 262 2448 Sr
271 2393 348 2468 puri
357 2393 428 2466 srnt,
440 2395 601 2470 sequentes
609 2409 711 2471 poeuas
720 2394 757 2455 ab
770 2393 964 2475 ipsisincurri
978 2417 986 2460 ε
1004 2399 1159 2463 l⁰excorn·

192 2475 432 2540 muricationem
441 2475 588 2559 majorem
598 2481 629 2542 S.
640 2477 778 2544 Pontifici
788 2493 969 2548 reservatam
981 2484 1061 2570 (cap.
1075 2488 1160 2551 Nulli

190 2565 278 2646 (ast,
290 2565 361 2629 dist.
378 2569 434 2644 19;
450 2585 517 2648 cap.
529 2566 693 2650 Liparitus
706 2575 757 2648 43,
770 2590 860 2634 causa
870 2577 921 2652 23,
937 2577 1047 2660 q.s;c.
1061 2579 1157 2660 Apcrt.

191 2651 287 2728 Sedis,
314 2653 367 2738 3);
396 2659 429 2717 31
456 2657 676 2722 inhabilitatem
704 2661 742 2723 ad
770 2661 916 2726 beneficia
945 2671 975 2728 et
1000 2667 1159 2748 Dignitates

190 2743 418 2822 ecclesiasticas,
432 2747 601 2828 praesertim
614 2749 824 2832 Episcopalem
843 2751 922 2836 (cap.
941 2753 1019 2830 Ouia
1033 2756 1156 2838 11111911-

197 2843 240 2904 tia
253 2845 290 2918 5,
305 2839 340 2901 de
354 2839 435 2901 elect.
448 2885 456 2916 ,
471 2847 501 2902 et
516 2859 584 2921 cap.
601 2846 629 2913 1,
647 2841 690 2902 De
704 2839 897 2902 Sclriamaticis
916 2884 924 2916 ‚
939 2838 971 2900 in
985 2839 1054 2920 6⁰);
1069 2847 1099 2902 et
1112 2840 1162 2901 boc

197 2927 382 3012 probabilius
396 2926 497 2989 locum
507 2927 694 2990 habetetiam
704 2932 771 3009 post
780 2932 931 3008 peractam
942 2927 1160 3008 poeniteutiam3

196 3022 229 3080 3⁰
248 3016 446 3099 privationem
463 3015 679 3094 iurisdictionis
699 3015 925 3078 ecclesiasticae:
946 3035 981 3080 ex
1004 3037 1066 3098 quo
1087 3017 1117 3078 srt
1134 3023 1162 3077 ut

198 3121 399 3188 quaecumque
413 3103 531 3166 collatio
545 3103 699 3180 beneficii,
721 3103 862 3167 alienatio
875 3123 977 3167 rerum
992 3105 1162 3169 ecclesiasti·

198 3212 321 3270 aarum,
343 3192 473 3254 uniones
495 3193 710 3272 ecclesiarum,
726 3193 875 3255 sententia
895 3199 924 3256 et
937 3193 1085 3258 absolutio
1098 3212 1162 3256 cen·

197 3299 348 3360 surarum,
361 3286 432 3359 etc,
441 3281 480 3344 ab
489 3281 664 3364 ipsisfactae,
672 3283 737 3364 ipso
744 3282 879 3361 jurcsint
889 3283 978 3345 irritae
988 3285 1066 3365 (cap.
1078 3285 1164 3346 albra-

198 3373 340 3449 1111116,
356 3369 487 3449 causat,
503 3391 534 3453 q.
548 3375 580 3448 1;
597 3389 663 3452 cap.
680 3370 845 3433 Didirimus
858 3375 907 3450 31,
921 3389 1011 3434 causa
1023 3377 1074 3452 at,
1089 3391 1118 3454 q.
1134 3375 1163 3443 23

197 3480 264 3540 cap.
281 3460 607 3537 l,DeSclrismuticis);
619 3465 650 3520 4⁰
669 3459 804 3540 privandi
823 3467 893 3523 sunt
907 3460 969 3522 suis
988 3461 1090 3536 bonis,
1106 3458 1164 3521 olli·

198 3550 270 3627 ciis,
292 3550 458 3611 bonoribus
470 3567 507 3609 ao
526 3548 742 3626 dignitatibus:
758 3568 825 3630 cap.
843 3554 872 3626 1,
889 3549 934 3611 De
947 3548 1164 3619 Schismaticu,

199 3635 231 3696 in
245 3637 406 3699 6⁰.-llide
419 3633 589 3709 bladenau,
602 3651 673 3711 para
687 3639 718 3713 ὅ,
734 3635 787 3698 lib.
803 3640 834 3715 5,
848 3638 893 3700 tit.
908 3638 940 3715 8,
956 3635 997 3697 n¹·
1009 3639 1088 3698 a-ls.
1102 3635 1166 3695 llaec
