2466 4258
378 166 464 215 cruca
485 168 618 217 ruamus.
643 183 680 200 -
701 169 891 216 sermones.
1056 161 1114 230 7⁶27

360 403 434 450 rttls
450 405 573 451 terunt.
590 419 625 436 ⁸·-
639 405 761 451 TlTULUS
777 405 899 451 SEXTUS.

142 543 187 606 Dc
198 540 312 625 repulia
325 543 481 605 servandis
498 543 530 604 in
545 541 715 606 tractandis
734 543 833 608 causis
847 543 1121 607 matrimonialibus

549 658 582 718 in
605 660 710 738 specie.

186 817 296 878 Praeter
312 813 465 876 hactenus
476 813 645 876 recensitas
660 812 785 890 regulas
800 811 833 874 in
852 813 1002 876 omnibus
1015 813 1121 878 causis

145 903 432 970 matrimonialibus
448 903 620 983 generatim
641 900 812 964 servandas
839 909 874 964 ut
897 903 1033 982 juridica
1057 905 1121 966 illis

146 994 367 1066 stetvaliiitas,
395 993 542 1074 quatiam
565 991 659 1053 etiarn
675 991 826 1072 speciales
850 1010 915 1073 pne
942 992 1044 1055 oculis
1066 993 1121 1056 ha-

146 1083 255 1150 oenus
273 1091 343 1144 sunt
353 1083 442 1161 juxta
458 1079 650 1162 peculiarem
666 1080 1120 1161 impedimentorumnaturam

145 1185 176 1240 et
191 1175 342 1250 indolem,
358 1189 431 1253 quae
441 1169 564 1251 judicio
577 1171 775 1234 occasionem
789 1170 1002 1251 praebuerunt.
1020 1171 1122 1245 Quare

143 1267 185 1330 de
199 1263 247 1326 his
259 1261 522 1344 singulis,saltem
538 1278 608 1344 quae
619 1259 816 1341 frequentius
826 1277 992 1324 occurrere
1007 1264 1121 1338 solent,

144 1354 250 1434 aliqua
271 1351 434 1433 speciatim
449 1350 733 1412 animadvertenda
743 1359 828 1413 suut.

484 1610 644 1660 castellatis
660 1608 778 1658 reluta.
856 1626 857 1630 ’

147 1768 191 1832 De
208 1765 426 1847 impedimentis
454 1763 639 1846 cognationis
668 1763 805 1830 cernatis
832 1765 878 1828 nel
892 1765 1077 1848 spiritualis,
1094 1774 1124 1832 et

550 1872 726 1954 affinitatis.

188 2067 237 2127 29.
265 2065 297 2128 Si
314 2063 554 2127 matrimonium
571 2063 778 2143 impugnatur
797 2061 839 2125 ob
851 2069 1005 2124 assertum
1022 2064 1124 2146 impe·

148 2156 323 2219 dicaculum
335 2151 679 2236 cognationiscarnelis
691 2150 940 2232 autspiritualis,
951 2152 999 2214 rel
1016 2152 1123 2215 alfini·

149 2246 232 2321 tatia,
250 2245 338 2307 l'acile
353 2245 412 2306 erit
427 2244 568 2325 ejusdem
595 2242 796 2304 existentiam
818 2241 964 2320 detegere
988 2261 1049 2323 ope
1065 2261 1122 2304 au·

149 2335 361 2398 theuticorum
379 2332 653 2396 documentorum.
676 2329 800 2392 Etenim
814 2330 959 2408 cognatio
976 2329 1123 2405 carnalis,

149 2436 179 2488 ct
193 2426 286 2486 etiam
302 2421 439 2483 allinitas
453 2437 524 2499 quea
552 2439 590 2482 ec
606 2417 795 2499 procedenti
826 2418 1030 2481 matrimonio
1055 2437 1125 2500 pro·

148 2513 286 2585 cesserit,
302 2511 531 2590 dignoscuntur
548 2527 585 2568 ex
607 2507 720 2569 arbore
732 2507 934 2586 genealogica
962 2508 1126 2589 utriusque

149 2601 289 2674 larniliae,
306 2597 502 2662 conficienda
517 2615 554 2659 ex
578 2597 706 2676 regestis
723 2596 1011 2672 matrimoniorum,
1035 2608 1064 2658 et
1088 2617 1126 2660 er

149 2690 239 2752 libris
252 2690 342 2751 etiam
359 2687 599 2769 baptizatorum,
617 2687 780 2766 inquibus
796 2693 901 2748 notata
917 2705 993 2750 esse·
1009 2686 1127 2752 debent

151 2779 279 2842 nornine
303 2795 366 2840 non
392 2777 486 2839 modo
509 2776 681 2855 conjugum
697 2785 728 2837 et
753 2793 863 2838 eorum
893 2778 947 2859 qui
976 2777 1126 2859 baptizali

149 2876 235 2943 sunt,
260 2866 314 2930 sed
343 2864 458 2928 horum
483 2866 577 2927 etiam
593 2869 772 2946 parentum.
800 2865 953 2929 Similiter
975 2887 1014 2929 ex
1039 2868 1127 2928 libris

149 2959 429 3036 baptizatorum‚ct
443 2955 703 3017 confirmatorum
716 2967 823 3036 aperte
839 2957 959 3017 eruitur
981 2957 1126 3034 cognatio

150 3047 334 3127 spiritualis,
349 3045 424 3127 qula
447 3045 479 3106 in
502 3043 642 3106 illisuna
660 3061 859 3106 cumeorum
882 3047 937 3124 qui
965 3043 1126 3121 baptizati,

152 3134 198 3194 rel
214 3135 390 3196 confirmati
415 3133 555 3208 luerunt,
577 3133 706 3195 nomina
731 3149 860 3214 quoque
882 3131 1036 3192 recensita
1059 3149 1127 3194 esse

150 3221 267 3282 tlebcnt
281 3221 345 3281 siae
358 3223 554 3302 patrinorum
578 3223 643 3285 sive
667 3223 887 3284 matrinarum.
919 3219 1005 3282 ralia
1030 3221 1127 3284 docu-

151 3307 1127 3375 mentainiormaauthenticeexdictislibriserunthaurienda

149 3417 246 3481 opera
261 3395 473 3480 parochorum
488 3399 538 3460 ael
556 3399 665 3472 curia,
698 3415 762 3460 una
789 3415 862 3460 cum
880 3399 1061 3464 testimonio
1087 3403 1128 3464 de

149 3507 260 3552 einum
292 3488 456 3552 identitate
485 3505 558 3552 cum
582 3487 761 3556 resuectlais
790 3489 954 3570 particulis
982 3491 1014 3553 in
1038 3491 1127 3554 tlt-ris
