2462 3984
152 283 210 347 152
375 301 513 348 mucuns
532 301 633 352 sonos
652 301 737 350 mars
756 299 905 348 csuomcs.

131 421 136 432 ·
189 402 392 465 solu-lx.
419 403 463 466 De
489 405 669 467 recusatione
685 402 800 486 judicia
826 408 964 483 cooperio
988 401 1123 482 oupeeu

148 491 271 552 Coruum
285 495 330 553 est
349 491 483 571 judicem
498 492 571 554 nlius
586 492 753 574 legitimum
770 509 859 573 posse
871 489 1016 553 declinari
1037 507 1076 550 ex
1088 505 1124 550 eo

149 578 232 660 quod
257 588 395 663 suspecta
417 580 454 643 sit
472 581 567 662 ipsius
587 581 619 643 in
641 580 793 644 reddendo
814 578 923 660 institit
943 577 1123 659 integritas:

149 671 267 730 constet
276 687 314 731 ex
326 687 393 751 cap.
412 667 541 733 Secundo
555 670 685 753 requiris
697 673 749 745 ll,
764 675 794 730 et
807 667 896 750 cepit.
914 667 988 730 Cum
1002 663 1126 748 speciali

149 758 200 833 61,
219 757 264 818 tit.
285 761 341 834 28,
356 757 408 820 lib.
425 763 444 821 2
459 761 575 822 liceret.
589 761 768 840 -lpsumet
787 759 863 819 ratio
878 755 1021 819 naturalis
1035 753 1126 818 dictet

150 845 231 926 qudd
246 846 377 928 suspecti
391 853 421 909 ct
435 847 549 909 inimici
566 847 685 927 iudices
701 865 767 910 csse
781 865 843 908 non
857 845 996 908 debeant.
1226 899 1227 918 ς

190 932 1124 1017 59l3.0uomodositproccdendumsiccxponitdictaDecrct

44 1083 47 1088 .
151 1022 225 1086 Com
238 1024 381 1106 speciali:
396 1024 627 1086 «Statuimusut
637 1025 661 1086 si
672 1023 760 1106 (quis)
771 1023 942 1104 allegaverit
951 1041 983 1084 sc
991 1021 1126 1101 judicem

149 1133 165 1172 u
189 1111 299 1176 habere
320 1119 510 1194 suspectum,
536 1130 638 1174 coram
654 1111 762 1174 eodem
778 1129 899 1174 causum
920 1111 1009 1190 justae
1031 1109 1127 1190 suspi-

149 1222 165 1260 ι
190 1202 286 1264 cionis
298 1202 444 1282 assignet,
455 1206 485 1262 ct
495 1199 559 1282 ipse
568 1219 639 1263 cum
653 1199 822 1262 adversario
831 1199 919 1278 (uelsi
933 1198 1010 1260 torte
1021 1197 1127 1260 adver·
1226 1217 1227 1266 3

150 1309 166 1349 o
190 1291 303 1352 serium
324 1308 386 1352 non
407 1288 523 1370 hebeat)
547 1307 620 1352 cum
648 1289 750 1372 judice
775 1289 904 1351 arbitros
923 1289 1124 1350 communiter
1226 1293 1227 1332 3

150 1399 166 1438 r
190 1378 293 1459 clignt;
310 1385 362 1440 aut
375 1378 399 1440 si
414 1378 618 1441 communiter
629 1378 791 1442 convenire
806 1397 867 1442 non
883 1377 999 1459 possint
1012 1377 1129 1460 ubsque
1225 1377 1227 1450 ξ

150 1488 166 1526 o
189 1467 304 1529 malitia
321 1467 384 1548 ipsc
398 1485 511 1545 unum,
527 1474 557 1530 et
572 1467 620 1530 ille
637 1467 730 1530 alium
745 1467 850 1548 eligat,
865 1465 918 1548 qui
932 1465 970 1527 de
983 1465 1129 1547 suspicio-
1226 1465 1227 1468 ’

151 1575 167 1614 o
192 1556 242 1616 nis
259 1557 349 1618 coust
363 1563 567 1638 cognoscant3
583 1563 614 1620 et
634 1557 658 1618 si
677 1557 865 1638 nequiverint
885 1555 916 1617 in
939 1571 1035 1617 unam
1058 1573 1128 1617 con·

151 1665 166 1704 s
190 1643 1126 1727 cordaresententiam‚sdvoocnt(duonempcorbitriltcrtium3

150 1752 166 1792 ι
191 1739 225 1794 ut
238 1733 319 1814 quod
332 1733 394 1796 duo
408 1753 446 1797 ex
460 1733 534 1817 ipsis
547 1734 748 1808 decreverint,
770 1733 863 1796 robur
876 1733 1011 1796 obtineat
1028 1733 1128 1794 firmi-

149 1847 164 1882 »
191 1823 295 1885 tatis...
311 1825 407 1886 Caust
419 1825 490 1886 vcrd
500 1823 680 1905 suspicionis
695 1823 826 1904 legitime
840 1840 942 1885 coram
957 1821 1031 1902 ipsis
1050 1823 1128 1884 intra

148 1935 166 1974 a
190 1917 412 1992 competentem
431 1913 596 1976 terminum
617 1931 679 1974 non
694 1913 833 1994 probata,
849 1914 903 1974 sut
919 1909 1127 1993 jurisdictione
1224 1973 1226 1984 ⁴

150 1993 281 2084 r‘judex
295 2007 405 2065 ututur.
426 2004 480 2080 tt,
496 2002 561 2083 ipst
581 2001 705 2083 probatt
724 2000 874 2082 legitime,
890 1999 929 2061 de
947 2001 1127 2062 recusatoris

150 2111 166 2150 r
189 2109 481 2172 essensu‚personoc
491 2090 607 2152 idoneae
616 2090 785 2152 committat
796 2089 950 2170 negotium
960 2095 1126 2164 recusatus,

150 2200 165 2239 o
189 2178 236 2242 vel
256 2178 295 2240 cd
309 2179 496 2259 superiorem
521 2179 703 2240 transmittat
725 2185 758 2240 ut
785 2178 816 2240 in
839 2195 876 2240 eo
895 2177 959 2258 ipse
984 2175 1129 2258 procedat

150 2285 166 2325 o
191 2265 359 2328 secundum
374 2265 456 2346 quod
472 2265 563 2327 luerit
577 2265 842 2346 procedendum.»

191 2357 279 2416 5914.
303 2353 413 2414 Arbitri
437 2359 536 2416 sutem
552 2354 656 2414 omnia
677 2355 795 2416 tantum
819 2372 887 2436 quae
901 2359 1050 2435 punctum
1065 2371 1128 2416 sus·

150 2441 278 2523 pisionis
298 2441 462 2523 respiciunt
475 2459 619 2522 peragere
635 2443 735 2506 valent
751 2463 757 2503 :
776 2450 905 2524 possunt
918 2461 1008 2524 ergo,
1023 2442 1075 2504 sed
1088 2442 1127 2504 ad

150 2529 229 2593 hano
250 2531 345 2594 solem
369 2549 491 2592 causam
505 2530 716 2593 elucidandam
732 2531 823 2594 citare
837 2537 984 2609 testes,.et
996 2531 1128 2614 compel·
1224 2599 1225 2612 χ

151 2619 212 2680 lere
225 2620 263 2681 ad
276 2619 512 2696 testificandum,
533 2637 586 2682 eos
606 2620 696 2681 etiam
712 2619 866 2701 puniendo
887 2621 911 2681 si
926 2618 1125 2702 delinquunt,
1224 2633 1225 2690 ς

150 2707 340 2787 exceptiones
351 2707 548 2786 admittend0,
564 2713 621 2770 eto.
638 2708 786 2770 Omnibus
800 2709 870 2770 vend
883 2711 1044 2790 perpensis
1057 2728 1125 2791 pro·

151 2793 518 2857 nuntiaredebentutrum
527 2815 617 2858 causa
626 2797 804 2878 suspicionis
814 2797 945 2878 legitimo
956 2799 1006 2876 sit,
1018 2816 1123 2860 necne.

191 2885 280 2946 5915.
294 2917 333 2930 -
345 2883 392 2944 Ad
408 2883 465 2946 triu
480 2883 577 2967 capita
596 2883 698 2948 reduci
721 2893 847 2967 possunt
867 2885 1010 2967 legitimae
1028 2905 1124 2950 cause

151 2970 366 3034 recusationis:
381 2976 411 3036 l⁰
427 2971 452 3034 sl
463 2972 556 3053 judex
567 2983 723 3037 recusetur
735 2981 769 3036 ut
781 2974 933 3052 inimicus,
948 2976 1032 3057 quod
1046 2995 1124 3058 prae·

152 3061 231 3124 sumi
246 3065 345 3142 potest
355 3059 477 3143 quando
489 3061 579 3125 habet
588 3062 672 3125 litem
682 3081 753 3126 oum
767 3081 835 3141 reo,
849 3063 895 3124 ael
908 3063 933 3124 si
946 3064 1079 3127 minatus
1089 3065 1123 3128 sit

151 3149 251 3232 dudd,
267 3149 337 3212 dats
354 3152 534 3230 occasione,
552 3150 595 3213 illl
607 3157 826 3215 nocumentum
841 3150 982 3230 interret,
1002 3154 1027 3215 si
1042 3154 1121 3235 signa
1223 3235 1224 3238 Ἴ

154 3243 299 3302 consueto
314 3237 530 3302 benevolentiae
544 3239 594 3302 ille
609 3240 747 3324 deneget.

191 3331 223 3389 2⁰
244 3327 275 3390 Si
296 3327 365 3389 ideo
382 3333 540 3391 recusetur
558 3329 629 3411 quio
647 3329 807 3412 specialem
827 3327 918 3392 habet
934 3329 1121 3394 ellectionem
1223 3391 1224 3408 χ

153 3423 205 3476 sut
220 3413 398 3477 relationem
420 3433 492 3480 cum
515 3415 684 3480 adversario
704 3417 886 3495 recusantis,
910 3419 934 3481 si
958 3437 1069 3502 nempe
1087 3418 1122 3482 sit

153 3519 408 3582 consanguineus,
417 3504 570 3584 dominus,
579 3507 704 3589 collega,
717 3509 826 3588 mognt
840 3507 971 3572 amicitit
983 3511 1121 3592 conjunc

155 3592 218 3657 tus,
234 3589 258 3649 sl
273 3589 310 3649 ait
325 3599 487 3671 patronus,
502 3594 548 3656 vel
562 3593 672 3673 cliens,
687 3602 744 3658 etc.

195 3674 1118 3767 3⁰Siludexrecuseturpropterspeciolemaffectionemquom
