2466 4258
244 304 329 351 areae
350 303 482 350 arcarius.
506 321 545 332 -
565 304 755 352 arrunnrcas.
831 347 834 350 ,
927 286 986 350 729

14 429 127 504 regesta
145 421 309 484 existentia
325 439 420 504 penes
446 421 606 484 ministros
631 421 869 486 lraereticossive
900 423 985 487 sebi·

14 511 165 584 smaticos,
183 511 208 572 si
221 511 305 590 apud
334 528 388 572 eos
408 509 648 572 matrimonium
682 518 878 574 contractum
900 511 986 575 affir-

14 611 125 664 metur.
143 599 291 674 Quamvis
306 598 496 662 documenta
517 598 599 662 vela
622 599 687 662 sola
712 599 795 664 civili
822 609 983 682 potestate,

14 689 62 754 rel
75 689 113 752 ab
128 689 282 752 haereticis
295 696 349 752 aut
363 687 572 752 schismaticis
594 689 769 764 manantia,
783 691 847 754 rim
869 691 986 754 hebere

14 779 128 864 possint
155 777 328 866 aliquando
349 777 389 840 ad
413 775 529 840 lactum
548 778 588 840 de
615 779 818 843 matrimonio
832 779 987 845 celebrato

14 866 286 950 extrajudicialiter
295 867 562 945 confirmandum,
578 867 787 945 tameujodex
800 869 985 942 catholicus,
1020 890 1025 902 ·

14 959 67 1039 qui
85 959 122 1020 de
137 957 302 1020 existentia
330 957 379 1020 vel
409 955 448 1018 de
481 975 545 1020 non
574 957 739 1021 existentia
771 959 986 1040 impedimenti

14 1046 195 1110 sententiam
212 1045 333 1110 laturus
348 1047 418 1122 erit,
438 1045 563 1108 curabit
585 1055 620 1110 ut
653 1037 685 1108 iri
712 1045 866 1128 judicium
901 1066 988 1112 com-

14 1144 141 1218 pereant
161 1144 274 1216 partes,
299 1142 392 1198 testes
417 1136 472 1215 qui
502 1134 696 1200 matrimonii
712 1135 915 1201 celebrationi
944 1141 990 1200 in-

14 1223 185 1299 terfuerint,
201 1225 374 1306 propinqui
389 1240 513 1302 eorum,
530 1225 583 1306 qui
598 1235 833 1300 contraxerunt,
847 1243 905 1288 nec
926 1245 987 1290 non

14 1333 120 1380 amires
135 1331 215 1394 quos
236 1313 362 1376 sciverit
381 1311 421 1376 de
441 1331 475 1375 re
489 1315 672 1394 instructos,
687 1325 723 1377 ut
745 1316 851 1376 omnia
869 1318 989 1397 possint

14 1405 166 1485 cognosci,
190 1421 263 1486 quea
290 1402 330 1466 ad
346 1403 464 1466 lactum
492 1403 553 1466 rite
580 1402 789 1485 judicandum
813 1405 989 1469 conducere

14 1504 168 1578 poterunt.
700 1531 702 1536 ·

50 1583 99 1646 te.
116 1581 202 1660 Quod
230 1584 256 1646 si
276 1584 466 1668 praedictum
507 1585 773 1666 impedimentum
788 1593 893 1648 ortum
907 1603 990 1649 asse·

14 1683 97 1738 ratur
113 1691 149 1736 ex
178 1675 382 1754 sponsalibus
410 1691 483 1736 curn
505 1691 637 1754 persona
653 1673 740 1736 alteri
760 1675 839 1756 parti
855 1693 991 1740 consan-

14 1763 124 1843 guinea
139 1763 171 1824 in
186 1761 287 1844 gradu
303 1762 565 1844 impedimentum
579 1765 791 1826 constituente
807 1769 988 1842 contractis,

14 1851 216 1931 adjudicium
239 1847 465 1934 proferendum
485 1849 550 1914 duo
573 1859 667 1914 eruut
689 1851 891 1934 inquirenda,
906 1857 992 1918 vide·

14 1941 83 2004 licet
96 1949 201 2004 utrum
218 1959 328 2004 revera
354 1944 470 2002 asserta
487 1939 648 2022 sponsalia
664 1939 768 2003 locum
793 1941 989 2007 habuerint:

14 2040 40 2093 et
56 2039 161 2093 utrum
177 2029 284 2094 valida
300 2031 332 2092 in
355 2049 451 2095 sensu
466 2031 620 2093 canonico
643 2029 752 2092 haberi
769 2031 904 2102 possint.
926 2033 991 2094 Pri-

14 2137 98 2181 ruum
123 2119 346 2182 deducendum
375 2121 434 2184 crit
457 2139 496 2184 ex
511 2119 648 2201 partium
672 2117 882 2196 contorsione,
899 2119 992 2182 dum-

14 2210 106 2272 modo
120 2209 383 2291 haeeuceptiones
397 2209 527 2273 minime
547 2209 719 2290 patiantur,
739 2227 777 2270 ex
795 2209 994 2274 documentis

14 2299 36 2359 si
53 2299 241 2373 habeantur,
258 2317 297 2361 ex
324 2301 451 2362 testium
476 2297 571 2361 fidem
601 2299 792 2360 merentium
817 2296 991 2378 depositio·

14 2389 116 2463 nibus,
129 2407 187 2452 nec
203 2406 266 2452 nou
279 2407 317 2450 ex
331 2388 544 2470 indiciisque
557 2387 654 2468 judex
669 2387 789 2467 peritus
804 2395 832 2449 et
845 2399 994 2468 expertus

14 2477 168 2540 deducere
192 2476 307 2558 poterit
320 2494 357 2540 ex
377 2475 636 2553 circumstantiis,
649 2493 720 2556 quae
747 2473 829 2538 iacta
851 2476 993 2557 exposita

14 2576 64 2629 eut
93 2573 317 2644 precesserunt
343 2573 398 2628 aut
421 2567 598 2628 subsecutae
631 2573 717 2627 sunt.
745 2564 791 2626 hd
817 2565 995 2628 secundnm

14 2655 226 2736 probandum,
261 2664 368 2717 utrum
390 2655 535 2717 videlicet
560 2664 679 2718 asserta
700 2653 861 2736 sponsalia
888 2653 993 2718 valida

14 2744 176 2806 luerintiu
197 2763 294 2808 sensu
321 2744 487 2820 canonico,
505 2744 597 2827 plura
616 2751 712 2806 crunt
732 2743 845 2806 sedulo
860 2761 995 2827 perpen-

14 2833 127 2898 denda.
144 2835 224 2896 Ante
239 2833 347 2897 omnia
374 2833 468 2915 judex
497 2853 561 2915 pree
584 2832 686 2896 oculis
701 2833 829 2910 lrabeat,
845 2835 931 2914 quod
955 2853 995 2899 ex

14 2943 72 2988 usu
88 2933 119 2986 et
140 2923 369 2988 consuetudine
384 2921 449 2988 fere
464 2924 495 2986 in
512 2923 648 3005 singulis
669 2922 747 2987 locis
762 2923 914 3005 speciales
939 2925 996 2986 ali·

14 3033 80 3096 ruae
107 3011 218 3079 formae
245 3031 301 3096 pro
322 3013 459 3076 solemni
491 3012 688 3095 sponsalium
710 3012 923 3076 celebratione
952 3015 995 3076 in·

14 3105 113 3166 luctae
142 3105 355 3185 reperiuntur,
371 3123 443 3186 quae
472 3103 686 3166 communiter
708 3110 739 3165 et
754 3101 939 3183 regulariter
955 3103 995 3166 ab

14 3190 162 3255 >mnibus
175 3195 292 3256 servari
305 3193 422 3256 solent,
436 3194 545 3274 ltaque
560 3191 789 3274 inquirendum
800 3191 872 3268 erit,
886 3201 993 3254 utrum

14 3295 78 3346 ,srae
104 3279 215 3345 formae
230 3281 360 3358 fuerint,
379 3304 439 3348 nec
462 3305 513 3356 ne,
539 3295 684 3360 servatae3
707 3285 733 3345 si
749 3283 900 3365 primum,
914 3301 993 3365 pree·

14 3372 154 3455 sumptio
173 3389 243 3453 pro¹
259 3373 454 3452 sponsalium
483 3374 592 3437 valore
617 3373 730 3449 aderit,
757 3385 868 3435 contra
898 3391 995 3453 qnam

14 3480 180 3543 auriquam
199 3463 259 3526 erit
270 3460 494 3542 judicandum,
511 3464 572 3525 nisi
588 3481 626 3525 ex
640 3463 734 3524 certis
748 3471 779 3523 et
793 3459 995 3525 eviden·ibus

14 3555 208 3632 rrgumentie
223 3551 385 3635 sponsalia
414 3551 545 3614 nulliter
568 3561 730 3614 contracta
756 3550 851 3616 fuisse
877 3554 995 3614 consti·

18 3645 82 3707 erit
95 3661 103 3718 ;
118 3642 144 3704 si
157 3642 346 3716 secundum,
365 3640 593 3724 inquirendum
606 3641 748 3722 eritque
759 3643 799 3706 de
814 3659 908 3704 causa
920 3659 997 3705 con·

847 3747 901 3809 sl·
