2452 3984
416 197 501 244 unna
521 197 651 243 rennos.
955 180 1011 242 aul

59 296 173 360 infirmis
191 294 367 372 assistendi,
382 293 531 372 docendi,
553 293 698 369 canendi,
720 299 791 373 ete,
811 301 885 358 tnnc
901 293 1016 357 benefi-

58 388 125 447 cium
138 385 211 448 dare
223 402 295 446 cum
308 383 360 445 tali
382 400 476 445 onere
489 401 550 444 non
571 389 615 444 est
634 383 773 446 simonia.
786 385 829 446 Ita
848 383 1017 446 communi·

59 481 100 536 ιιι.
117 473 148 536 Si
169 474 242 536 verb
260 472 376 535 dictum
395 469 473 534 onus
491 472 698 553 imponeretur
711 473 730 533 a
742 473 913 552 resignante
932 473 978 534 vel
999 474 1017 534 t

58 567 261 642 praesentante,
282 558 431 643 quidquid
448 559 552 622 dicant
572 559 665 642 aliqui
690 557 770 641 apud
793 560 942 637 Sanchez,
960 559 1019 624 boo

58 649 148 713 baberi
161 650 253 712 debet
265 656 299 712 ut
312 649 524 726 simoniacum,
539 667 578 711 ex
590 667 657 730 cap.
680 647 771 724 Ouum
786 648 875 730 piel,
891 668 922 731 q.
937 653 972 726 23
986 649 1018 712 in

59 737 112 800 aliis
124 744 228 800 tamen
242 737 334 800 rebus
347 736 552 818 spiritualibus
566 742 665 818 posset
679 755 745 799 esse
758 736 842 799 locus
855 745 1019 800 commuta·

57 828 141 904 lioni,
156 845 185 888 v.
207 845 238 907 g.
258 825 375 908 applico
392 831 490 907 prote
510 824 646 902 missum,
662 833 697 886 ut
716 845 800 886 mune
819 824 945 906 applices
964 846 1020 907 pro

59 937 93 978 sne
107 917 149 994 (S.
170 915 309 996 Lignea,
324 913 376 976 lib.
398 917 428 992 3,
444 923 478 974 n⁰
495 916 555 992 60).
571 915 657 976 Certe
670 919 715 976 est
735 913 864 976 simonia
885 913 1021 976 conferre

59 1003 233 1066 beneficium
245 1003 360 1065 bmulo
372 1007 407 1065 ut
419 1003 510 1084 gratis
521 1001 676 1078 inserviat3
687 1001 733 1063 vel
746 1003 771 1064 si
786 1001 916 1064 famulus
930 1002 1022 1064 inser·

60 1094 126 1168 liat,
142 1097 175 1154 ul
197 1092 266 1154 loco
286 1091 385 1154 salarii
404 1089 588 1153 beneticium
608 1095 820 1171 consequatur.
839 1091 907 1152 Non
920 1094 1021 1152 temen

59 1189 129 1243 esset
144 1180 288 1260 obligatio
302 1177 477 1242 restituendi
494 1197 551 1242 nec
565 1179 790 1242 incurrerentur
807 1197 904 1260 poenae
918 1185 1022 1241 contra

60 1271 231 1332 simoniacos
253 1268 343 1339 latae,
373 1267 431 1329 nisi
451 1267 666 1330 intercessisset
691 1272 814 1348 pactum
846 1285 1021 1349 expressum

60 1359 133 1439 (Cap.
150 1355 337 1433 Mondctum,
352 1354 532 1434 desintne).
549 1357 580 1418 S.
596 1355 717 1436 Liguor.
732 1355 799 1435 (it,
814 1365 848 1417 ιιο
861 1359 921 1434 61).

94 1451 182 1509 6161.
199 1446 320 1518 Ouaerit.
336 1449 368 1506 6ο
384 1448 431 1506 Αιι
445 1445 484 1506 sit
497 1444 624 1507 simonia
633 1443 704 1507 dare
713 1445 874 1526 pecuniam
887 1444 976 1508 alicui
990 1451 1024 1508 ul

60 1552 107 1615 per
120 1537 223 1617 ipsum
236 1533 420 1597 beneficium
434 1533 627 1596 obtineatur?
851 1551 852 1554 ¹

94 1625 181 1705 Resp.
204 1623 236 1686 Si
263 1623 392 1705 pecunia
412 1621 511 1700 delur,
532 1639 595 1682 non
622 1623 714 1704 gratis
739 1623 777 1686 ed
805 1623 1024 1688 conciliandam

61 1713 226 1794 accipientis
240 1711 424 1788 amicitiam,
440 1727 478 1772 ex
498 1711 559 1792 qut
571 1716 673 1774 motus
688 1716 717 1773 te
731 1711 866 1791 adjuvet,
881 1714 934 1776 sed
953 1733 1024 1778 cnm

61 1809 142 1881 pacto
153 1807 188 1872 ut
200 1799 365 1863 intercedat
377 1799 416 1862 ad
433 1815 499 1863 rem
518 1799 704 1881 spiritualem
721 1799 936 1880 obtinendam,
951 1809 1026 1866 tunc

63 1891 136 1952 certe
153 1889 237 1953 adest
257 1889 401 1966 simonia,
415 1893 450 1951 ut
468 1894 584 1951 constet
602 1906 640 1950 cx
659 1889 778 1950 Extrav.
794 1892 824 1966 2,
839 1888 875 1951 de
886 1891 1023 1969 simonio,

64 1976 252 2041 ubidicitur:
271 1999 287 2038 ι
301 1977 467 2041 simoniam
481 1975 627 2038 committi
641 1975 713 2038 cbm
726 1977 855 2056 pecunia
868 1977 956 2040 datur
970 1997 1026 2060 pro

63 2087 76 2126 ι
98 2067 292 2144 collatione..‚
307 2066 408 2130 lavore
417 2083 471 2128 seu
485 2063 703 2126 mediatione.»
720 2063 804 2126 Licet
816 2064 940 2126 enimin
954 2084 1026 2129 casn

63 2153 142 2218 detur
150 2156 316 2238 temporale
330 2173 385 2237 pso
397 2152 555 2236 temporali
571 2157 662 2235 prout
674 2155 720 2214 est
731 2152 926 2216 intercessio:
942 2156 1027 2216 «Ve-

64 2259 80 2300 a
98 2251 287 2322 sumtamen,
303 2244 401 2324 inquit
415 2245 446 2306 S.
462 2241 583 2323 Lignor.
600 2239 666 2321 (ι’0.,
682 2252 717 2302 n⁰
730 2243 800 2320 as),
815 2241 858 2305 sic
871 2261 928 2324 per
938 2262 1025 2326 pecu·

63 2353 77 2388 r
98 2333 176 2394 nium
187 2351 311 2415 parares
325 2331 383 2394 tibi
399 2331 478 2394 uiam
491 2329 532 2392 ad
548 2351 612 2393 rem
624 2329 811 2412 spiritualem
824 2329 1024 2411 obtinendum,

64 2440 77 2476 ι
99 2423 179 2485 utin
202 2421 293 2486 simili
311 2439 404 2498 casu,
419 2420 461 2482 sit
474 2420 505 2482 S.
522 2419 653 2482 Thomas
667 2420 708 2498 (2,
724 2423 761 2495 2,
777 2438 808 2498 q.
829 2423 906 2495 lOO,
923 2426 978 2481 art.
993 2424 1024 2497 0,

65 2530 78 2564 υ
99 2510 134 2570 ad
148 2512 188 2594 6).
204 2533 220 2572 ι
240 2509 325 2574 idem
341 2508 413 2572 dicit
431 2509 462 2572 S.
478 2508 600 2588 Lignor.
616 2506 682 2584 (ib,
698 2515 732 2566 n⁰
746 2509 795 2584 66)
818 2512 922 2568 contra
935 2525 1026 2588 quos·

65 2595 228 2678 damalius,
244 2599 282 2662 de
296 2599 492 2660 intercessore
503 2594 645 2658 mediato.

101 2687 131 2748 Si
139 2687 211 2752 verb
221 2687 349 2769 pecunia
357 2685 445 2750 detur
454 2683 623 2762 mediatori,
634 2683 961 2766 nonpromediatione‚
973 2687 1026 2748 sed

67 2791 116 2852 pro
127 2775 228 2839 labore
247 2773 439 2857 suscipiendo
458 2779 512 2837 eut
523 2773 609 2837 lucro
622 2773 788 2836 amittendo
805 2773 844 2837 eb
857 2791 914 2852 eo,
928 2778 960 2836 et
973 2794 1025 2857 pe-

69 2865 151 2926 cunia
163 2865 200 2928 sit
213 2881 284 2928 cum
300 2863 359 2926 illis
371 2863 612 2945 proportionata,
626 2880 690 2925 non
703 2868 748 2926 est
758 2861 907 2941 simonia,
922 2882 1027 2946 quam-

71 2951 105 3012 lis
117 2963 272 3034 pacsanum
286 2953 407 3015 alterius
421 2952 540 3032 generis
555 2969 620 3014 esse
633 2957 743 3032 posset.

102 3041 182 3104 ldem
195 3041 300 3105 dicunt
313 3042 431 3123 plures,
447 3039 472 3102 si
486 3039 555 3121 quis
572 3037 622 3102 det
636 3042 795 3121 pecuniam
809 3041 923 3105 lamulo
936 3043 1026 3122 Epis-

69 3130 144 3210 copi,
158 3137 192 3194 ut
204 3130 325 3194 facilem
336 3129 448 3192 tribuat
460 3127 592 3206 aditum3
607 3129 654 3192 uel
667 3130 691 3192 si
704 3130 756 3192 det
765 3132 855 3212 gratis
867 3177 875 3207 ‚
886 3135 919 3192 ut
932 3129 1027 3190 lactus

68 3214 241 3283 benevolens
260 3219 414 3283 obstacula
427 3224 594 3298 removeat:
610 3215 663 3280 sed
676 3218 734 3282 boo
746 3220 909 3294 ultimum,
928 3215 1027 3296 inquit

68 3305 96 3365 S.
110 3307 230 3390 Liguor.
245 3307 312 3388 (ia,
326 3315 360 3370 ιι·
374 3309 441 3386 ul),
456 3312 501 3369 est
512 3305 597 3369 valde
610 3307 825 3388 periculosum.

102 3396 174 3458 ltem
198 3397 401 3480 periculosum
426 3401 504 3458 esset
527 3395 609 3476 quod
630 3395 738 3457 dicunt
761 3391 932 3456 Salmantic.
955 3409 1025 3456 cum

68 3479 130 3544 eliis
145 3485 300 3566 pluribus,
320 3502 384 3548 non
407 3502 471 3548 esse
489 3483 650 3546 simoniam
669 3482 742 3545 dare
758 3481 847 3544 alicui
866 3481 1024 3562 pecuniam

69 3575 99 3630 ul
110 3571 204 3637 dantis
214 3574 318 3638 merita
327 3573 664 3666 simpliciter-Episcopo
672 3575 837 3652 proponat:
850 3573 886 3632 ab
896 3571 978 3653 qubd
987 3571 1023 3631 ad
