2548 3988
503 288 588 338 aman
608 290 740 340 nannius.
1047 294 1102 356 371

131 385 284 450 moraliter
301 386 475 469 obligentur
487 387 578 451 simul
598 399 799 467 commorant
823 387 847 451 si
865 391 967 452 tamen
980 387 1117 471 possent}

130 476 292 540 commode
306 477 406 557 abire,
429 477 468 540 ad
489 475 522 542 id
543 482 729 541 tenerentur.
754 478 797 556 (S.
820 477 959 559 Lignea,
984 477 1037 541 lib.
1062 481 1102 555 t,

130 569 260 646 u⁰203.)

171 658 246 720 ltem
266 663 417 739 parentes,
432 657 529 720 mariti
548 664 579 720 et
595 657 711 720 domini
731 663 858 741 possunt
876 655 1103 723 communicare

130 764 203 810 cum
216 745 300 819 filiis,
318 746 462 809 uxoribus
475 753 505 809 et
517 746 638 810 famulis
651 747 929 810 excommunicatis.

171 839 261 898 6558.
277 837 345 898 Non
355 841 482 917 possunt
493 839 606 915 autem,
623 835 850 914 etiamfamuli,
864 855 973 899 uxores
986 841 1040 899 aut
1050 837 1103 898 lilii

129 925 355 988 communicare
370 924 400 985 in
410 923 518 986 divinis
527 943 598 987 eum
608 925 869 988 excommunicato
879 973 887 1002 ‚
896 924 953 986 nisi
965 924 996 986 in
1010 943 1103 1006 quan·

129 1020 196 1077 tum
220 1013 456 1077 communicatio
478 1019 524 1077 est
544 1015 712 1076 neccssaria
731 1015 768 1076 ad
789 1013 994 1096 praestandum
1013 1014 1102 1077 obse·

129 1104 238 1185 quium
260 1103 420 1165 debitum:
447 1102 644 1184 hincplamuli
668 1103 743 1182 jussi
763 1103 843 1165 licite
865 1103 1047 1165 comitantur
1066 1105 1103 1186 ad

128 1191 271 1270 missam,
295 1199 347 1256 aut
369 1193 540 1255 ministrant
561 1192 723 1256 celebranti
750 1193 1029 1270 excommunicato,
1053 1199 1105 1256 aut

127 1301 200 1348 cum
218 1300 253 1345 eo
267 1281 400 1344 officium
413 1281 557 1344 recitant:
573 1283 754 1364 supponitur
766 1281 849 1364 qubd
862 1281 900 1344 ad
919 1281 976 1344 hoc
994 1281 1104 1344 luerint

128 1371 273 1436 conducti
287 1377 355 1433 ante
366 1369 731 1434 excommunicationem:
748 1389 819 1432 nam
830 1371 853 1432 si
864 1371 1074 1433 conducantur
1088 1373 1105 1433 b

124 1463 192 1538 jam
202 1461 480 1540 excommunicato,
492 1479 553 1525 non
567 1467 748 1524 excusantur
759 1459 817 1522 nisi
826 1460 865 1522 ob
874 1459 983 1522 bonam
998 1459 1103 1537 tidem,

129 1555 182 1612 aut
197 1549 404 1612 necessitatem
417 1550 460 1627 (S.
477 1551 612 1632 Liguor.‚
628 1549 678 1612 lib.
696 1554 732 1627 'l,
748 1559 782 1611 n⁰
795 1549 881 1630 bol).
892 1583 933 1596 -
945 1553 991 1611 An
1003 1556 1104 1613 autem

129 1637 236 1700 famuli
250 1639 379 1700 scienter
401 1645 431 1700 et
454 1638 665 1720 peccaminosa
685 1638 723 1700 ab
748 1639 1010 1701 excommunicato
1029 1659 1103 1703 con·

127 1727 230 1805 ducti,
245 1727 359 1808 possint
372 1745 463 1808 supra
474 1726 553 1789 dicta
566 1725 710 1808 obsequia
724 1733 881 1809 praestare,
894 1727 1003 1806 solptio
1014 1727 1105 1808 hujus

128 1815 215 1879 dubii
228 1822 272 1879 est
281 1816 387 1879 eadem
397 1835 432 1879 ac
441 1817 528 1879 casias
538 1835 600 1897 quo
614 1817 726 1895 conjux
735 1817 865 1878 scienter
874 1817 1022 1879 contrahit
1032 1835 1103 1880 cum

128 1905 393 1968 excommunicato
408 1907 523 1986 (6556).
540 1907 571 1968 S.
588 1905 725 1986 Lignea,
740 1904 793 1966 lib.
809 1909 840 1980 l,
857 1912 889 1964 n·
903 1909 973 1966 aot.

172 1997 336 2058 6666--4ο
350 1995 407 2058 Res
420 1995 578 2076 ignorata:
594 1999 711 2056 certum
725 1999 770 2056 est
783 1992 948 2074 quamlibet
960 1995 1104 2074 ignoran-

131 2084 204 2147 tiam
218 2089 248 2146 et
261 2083 506 2148 inadvertantiam
522 2083 754 2165 inculpabilem,
770 2083 830 2144 aive
841 2082 918 2162 juris
938 2082 999 2145 sive
1013 2081 1102 2165 lacti,

130 2191 274 2236 excusare
287 2171 546 2236 communicantes
560 2190 631 2236 oum
649 2171 910 2235 excommunicato
929 2172 1010 2254 (cap.
1028 2173 1104 2250 Quo·

131 2263 211 2324 aiom
225 2263 348 2340 multos,
362 2281 453 2324 causa
468 2265 516 2337 ll,
526 2281 559 2343 q.
575 2263 616 2340 3).
627 2295 667 2307 -
680 2259 916 2323 controvertitur
927 2279 966 2323 an
981 2271 1104 2328 excuset

133 2353 298 2432 ignorantia
313 2351 470 2432 culpabilis
479 2356 509 2412 et
519 2368 618 2412 crassa
630 2369 638 2411 τ
652 2351 800 2412 sententia
815 2349 968 2412 affirmans
981 2361 1105 2416 vocatur

132 2442 202 2504 satis
214 2440 403 2522 probabilisa
417 2441 448 2502 S.
465 2439 599 2518 Lignea,
610 2445 640 2501 et
653 2439 758 2501 nititur
771 2437 909 2520 ipsismet
922 2439 1018 2501 verbis
1032 2440 1103 2504 dicti

131 2531 266 2608 canonis,
278 2529 331 2591 ubi
340 2528 474 2591 Pontifex
481 2528 623 2590 asseritse
637 2533 754 2590 motum
763 2527 855 2589 fuisse
865 2526 903 2589 ad
917 2529 1106 2593 excusandos

133 2621 330 2701 ignorantes:
350 2618 525 2691 «Quoniam
545 2617 708 2694 multos...‚
724 2635 779 2699 pro
790 2619 881 2678 causa
895 2621 1105 2682 excommuni-

131 2731 147 2770 o
170 2707 401 2789 cationisperire
415 2707 547 2790 quotidie
554 2706 716 2776 cernimus.
726 2708 834 2788 partim
843 2707 1023 2790 ignorantia,
1035 2728 1105 2793 pau·

131 2821 147 2860 a
171 2800 225 2862 tim
236 2799 330 2861 nimici
338 2797 564 2880 simplicitate.»
580 2797 638 2858 Per
647 2795 729 2878 quod
738 2796 1004 2861 excusarevidetur
1015 2800 1105 2864 etiam

132 2889 300 2970 ignorantia
322 2887 490 2962 vincibilis,
503 2887 575 2948 ciam
590 2885 691 2949 nullus
704 2892 808 2968 pereat
825 2887 865 2949 ob
886 2887 1104 2955 invincibilem'

133 2979 175 3058 (S.
191 2980 269 3059 big,
285 2978 335 3040 lib.
354 2978 534 3057 *l‚n⁰203.)

174 3069 264 3128 6560.
275 3100 314 3111 -
327 3071 360 3128 5⁰
373 3066 493 3129 Necesse
510 3085 517 3128 :
533 3063 564 3127 id
576 3069 623 3129 est
635 3084 723 3143 casus
735 3067 932 3143 necessitatis,
943 3067 1004 3130 sive
1015 3068 1101 3149 spiri-

136 3151 242 3229 tualia,
258 3154 326 3224 ,sive
344 3155 525 3238 corporalis,
549 3161 601 3219 aut
623 3155 772 3218 bonorum
795 3157 1018 3240 temporalium.
1046 3156 1106 3219 Sed

132 3241 298 3324 requiritur
316 3249 349 3306 ut
361 3243 426 3307 baec
439 3245 620 3317 necessitas,
637 3250 701 3306 tam
720 3246 894 3327 temporalis
914 3245 1007 3326 quam
1022 3246 1106 3326 spiri·

135 3331 239 3410 luatis,
255 3331 292 3394 sit
305 3333 422 3413 gravis,
441 3334 502 3398 sive
513 3334 551 3396 sit
564 3335 837 3412 communicantis,
853 3335 914 3396 sire
928 3351 1104 3397 excommu-

134 3422 244 3501 nicati,
260 3421 320 3485 sire
335 3421 474 3485 aliorum.
488 3423 522 3484 ld
538 3430 618 3506 patet
634 3441 672 3486 ex
685 3441 752 3505 cap.
770 3422 809 3484 Si
822 3422 887 3485 cere
900 3425 960 3500 tl,
975 3421 1010 3486 de
1030 3433 1104 3491 seat.

134 3531 273 3576 excomm.
293 3517 323 3575 et
337 3509 418 3575 dicto
439 3513 537 3596 capite
556 3513 697 3590 Quoniam
715 3511 831 3573 multos.
847 3514 979 3574 Excusat
997 3514 1107 3596 pariter

134 3608 232 3666 metus
243 3601 445 3686 gravis‚·obm
458 3599 506 3666 lex
517 3600 652 3665 humana
672 3618 735 3663 non
753 3600 865 3683 obliget
877 3617 949 3664 cum
959 3603 1040 3682 gravi
1057 3605 1105 3665 in-

135 3691 306 3757 commodo.
322 3691 366 3762 lS.
382 3690 519 3768 Limon,
532 3689 586 3752 lib.
600 3693 619 3754 't
632 3735 641 3768 ‚
656 3699 691 3752 n·
705 3686 788 3767 206.)
