<?xml version="1.0" encoding="UTF-8"?>
<!DOCTYPE html PUBLIC "-//W3C//DTD XHTML 1.0 Transitional//EN"
    "http://www.w3.org/TR/xhtml1/DTD/xhtml1-transitional.dtd">
<html xmlns="http://www.w3.org/1999/xhtml" xml:lang="en" lang="en">
 <head>
  <title>
</title>
<meta http-equiv="Content-Type" content="text/html;charset=utf-8" />
  <meta name='ocr-system' content='tesseract 3.04.00' />
  <meta name='ocr-capabilities' content='ocr_page ocr_carea ocr_par ocr_line ocrx_word'/>
</head>
<body>
  <div class='ocr_page' id='page_1' title='image "./manualetotiusju02craigoog/manualetotiusju02craigoog_0386.png"; bbox 0 0 2548 3988; ppageno 0'>
   <div class='ocr_carea' id='block_1_1' title="bbox 457 192 1061 306">
    <p class='ocr_par' dir='ltr' id='par_1_1' title="bbox 457 192 1061 306">
     <span class='ocr_line' id='line_1_1' title="bbox 457 192 1061 306; baseline -0.003 -1"><span class='ocrx_word' id='word_1_1' title='bbox 457 259 543 306; x_wconf 83' lang='lat' dir='ltr'>nram</span> <span class='ocrx_word' id='word_1_2' title='bbox 563 259 695 306; x_wconf 82' lang='lat' dir='ltr'>marrus.</span> <span class='ocrx_word' id='word_1_3' title='bbox 860 192 863 201; x_wconf 19' lang='grc' dir='ltr'>ἱ</span> <span class='ocrx_word' id='word_1_4' title='bbox 1003 239 1061 303; x_wconf 79' lang='grc'>311</span> 
     </span>
    </p>
   </div>
   <div class='ocr_carea' id='block_1_2' title="bbox 21 355 1146 1330">
    <p class='ocr_par' dir='ltr' id='par_1_2' title="bbox 21 355 1146 1330">
     <span class='ocr_line' id='line_1_2' title="bbox 85 355 1062 441; baseline -0.002 -21"><span class='ocrx_word' id='word_1_5' title='bbox 85 409 88 420; x_wconf 84' lang='grc'>.</span> <span class='ocrx_word' id='word_1_6' title='bbox 132 357 296 441; x_wconf 76' lang='lat' dir='ltr'><strong>suspensio</strong></span> <span class='ocrx_word' id='word_1_7' title='bbox 309 355 448 420; x_wconf 82' lang='lat' dir='ltr'>ddr&#39;vr&#39;nis</span> <span class='ocrx_word' id='word_1_8' title='bbox 457 355 793 440; x_wconf 83' lang='lat' dir='ltr'>nonobstatrecepticni</span> <span class='ocrx_word' id='word_1_9' title='bbox 805 361 1062 419; x_wconf 86' lang='lat' dir='ltr'>sacramentorum</span> 
     </span>
     <span class='ocr_line' id='line_1_3' title="bbox 90 444 1065 529; baseline -0.004 -18"><span class='ocrx_word' id='word_1_10' title='bbox 90 448 182 511; x_wconf 88' lang='lat' dir='ltr'>eliam</span> <span class='ocrx_word' id='word_1_11' title='bbox 196 447 398 529; x_wconf 83' lang='lat' dir='ltr'>poenitentiae:</span> <span class='ocrx_word' id='word_1_12' title='bbox 414 445 542 528; x_wconf 87' lang='lat' dir='ltr'>impedit</span> <span class='ocrx_word' id='word_1_13' title='bbox 555 453 657 508; x_wconf 78' lang='lat' dir='ltr'>tamen</span> <span class='ocrx_word' id='word_1_14' title='bbox 671 447 876 528; x_wconf 75' lang='lat' dir='ltr'>receptionem</span> <span class='ocrx_word' id='word_1_15' title='bbox 886 444 1065 508; x_wconf 85' lang='lat' dir='ltr'>sacramenti</span> 
     </span>
     <span class='ocr_line' id='line_1_4' title="bbox 89 533 1065 618; baseline -0.001 -20"><span class='ocrx_word' id='word_1_16' title='bbox 89 537 226 599; x_wconf 84' lang='lat' dir='ltr'>ordinis:</span> <span class='ocrx_word' id='word_1_17' title='bbox 242 541 390 618; x_wconf 86' lang='lat' dir='ltr'>repugnat</span> <span class='ocrx_word' id='word_1_18' title='bbox 403 536 486 598; x_wconf 91' lang='lat' dir='ltr'>enim</span> <span class='ocrx_word' id='word_1_19' title='bbox 500 535 582 618; x_wconf 88' lang='lat' dir='ltr'>qudd</span> <span class='ocrx_word' id='word_1_20' title='bbox 596 553 759 618; x_wconf 89' lang='lat' dir='ltr'>suspensus</span> <span class='ocrx_word' id='word_1_21' title='bbox 772 535 811 597; x_wconf 86' lang='lat' dir='ltr'>ab</span> <span class='ocrx_word' id='word_1_22' title='bbox 824 533 931 598; x_wconf 78' lang='lat' dir='ltr'>ordine</span> <span class='ocrx_word' id='word_1_23' title='bbox 945 553 1065 616; x_wconf 90' lang='lat' dir='ltr'>promo-</span> 
     </span>
     <span class='ocr_line' id='line_1_5' title="bbox 90 623 1065 707; baseline -0.002 -20"><span class='ocrx_word' id='word_1_24' title='bbox 90 627 151 687; x_wconf 86' lang='lat' dir='ltr'>reri</span> <span class='ocrx_word' id='word_1_25' title='bbox 171 625 266 688; x_wconf 87' lang='lat' dir='ltr'>valeat</span> <span class='ocrx_word' id='word_1_26' title='bbox 287 624 325 686; x_wconf 84' lang='lat' dir='ltr'>ad</span> <span class='ocrx_word' id='word_1_27' title='bbox 345 625 467 688; x_wconf 87' lang='lat' dir='ltr'>ordines</span> <span class='ocrx_word' id='word_1_28' title='bbox 480 625 650 707; x_wconf 81' lang='lat' dir='ltr'>superiores</span> <span class='ocrx_word' id='word_1_29' title='bbox 669 644 676 686; x_wconf 94' lang='lat'><strong>:</strong></span> <span class='ocrx_word' id='word_1_30' title='bbox 697 641 862 706; x_wconf 88' lang='lat' dir='ltr'>suspensus</span> <span class='ocrx_word' id='word_1_31' title='bbox 883 623 1007 705; x_wconf 84' lang='lat' dir='ltr'>quidem</span> <span class='ocrx_word' id='word_1_32' title='bbox 1027 623 1065 686; x_wconf 89' lang='lat' dir='ltr'>ab</span> 
     </span>
     <span class='ocr_line' id='line_1_6' title="bbox 90 710 1065 796; baseline 0 -20"><span class='ocrx_word' id='word_1_33' title='bbox 90 715 197 777; x_wconf 84' lang='lat' dir='ltr'>ordine</span> <span class='ocrx_word' id='word_1_34' title='bbox 211 713 358 796; x_wconf 86' lang='lat' dir='ltr'>superiori</span> <span class='ocrx_word' id='word_1_35' title='bbox 371 733 433 776; x_wconf 91' lang='lat' dir='ltr'>non</span> <span class='ocrx_word' id='word_1_36' title='bbox 451 720 497 776; x_wconf 89' lang='lat' dir='ltr'>est</span> <span class='ocrx_word' id='word_1_37' title='bbox 509 713 578 777; x_wconf 90' lang='lat' dir='ltr'>ideo</span> <span class='ocrx_word' id='word_1_38' title='bbox 597 731 762 796; x_wconf 90' lang='lat' dir='ltr'>suspensus</span> <span class='ocrx_word' id='word_1_39' title='bbox 783 711 821 775; x_wconf 82' lang='lat' dir='ltr'>ab</span> <span class='ocrx_word' id='word_1_40' title='bbox 835 710 989 790; x_wconf 79' lang='lat' dir='ltr'>inferiori,</span> <span class='ocrx_word' id='word_1_41' title='bbox 1012 711 1065 776; x_wconf 92' lang='lat' dir='ltr'>sed</span> 
     </span>
     <span class='ocr_line' id='line_1_7' title="bbox 90 801 1066 885; baseline -0.003 -19"><span class='ocrx_word' id='word_1_42' title='bbox 90 821 257 885; x_wconf 89' lang='lat' dir='ltr'>suspensus</span> <span class='ocrx_word' id='word_1_43' title='bbox 270 801 309 865; x_wconf 90' lang='lat' dir='ltr'>ab</span> <span class='ocrx_word' id='word_1_44' title='bbox 326 801 467 866; x_wconf 81' lang='lat' dir='ltr'>inferiore</span> <span class='ocrx_word' id='word_1_45' title='bbox 481 807 527 865; x_wconf 86' lang='lat' dir='ltr'>est</span> <span class='ocrx_word' id='word_1_46' title='bbox 539 802 636 865; x_wconf 87' lang='lat' dir='ltr'>multb</span> <span class='ocrx_word' id='word_1_47' title='bbox 651 801 747 883; x_wconf 90' lang='lat' dir='ltr'>magis</span> <span class='ocrx_word' id='word_1_48' title='bbox 767 819 933 884; x_wconf 90' lang='lat' dir='ltr'>suspensus</span> <span class='ocrx_word' id='word_1_49' title='bbox 947 803 964 864; x_wconf 79' lang='lat' dir='ltr'>b</span> <span class='ocrx_word' id='word_1_50' title='bbox 978 819 1066 882; x_wconf 91' lang='lat' dir='ltr'>supe·</span> 
     </span>
     <span class='ocr_line' id='line_1_8' title="bbox 90 889 1065 974; baseline 0.001 -21"><span class='ocrx_word' id='word_1_51' title='bbox 90 892 171 954; x_wconf 91' lang='lat' dir='ltr'>riore</span> <span class='ocrx_word' id='word_1_52' title='bbox 198 889 375 971; x_wconf 87' lang='lat' dir='ltr'>(Stremler,</span> <span class='ocrx_word' id='word_1_53' title='bbox 396 891 451 969; x_wconf 64' lang='lat' dir='ltr'>ib„</span> <span class='ocrx_word' id='word_1_54' title='bbox 475 911 507 974; x_wconf 93' lang='lat' dir='ltr'>p.</span> <span class='ocrx_word' id='word_1_55' title='bbox 531 891 602 973; x_wconf 80' lang='grc'>299)</span> <span class='ocrx_word' id='word_1_56' title='bbox 629 910 637 953; x_wconf 81' lang='lat' dir='ltr'>r</span> <span class='ocrx_word' id='word_1_57' title='bbox 663 890 773 973; x_wconf 88' lang='lat' dir='ltr'>excipit</span> <span class='ocrx_word' id='word_1_58' title='bbox 795 895 897 952; x_wconf 85' lang='lat' dir='ltr'>tamen</span> <span class='ocrx_word' id='word_1_59' title='bbox 920 890 1065 972; x_wconf 89' lang='lat' dir='ltr'>Lequeux</span> 
     </span>
     <span class='ocr_line' id='line_1_9' title="bbox 21 978 1064 1062; baseline 0.004 -24"><span class='ocrx_word' id='word_1_60' title='bbox 21 1033 22 1038; x_wconf 73' lang='grc'>,</span> <span class='ocrx_word' id='word_1_61' title='bbox 93 978 140 1061; x_wconf 79' lang='grc' dir='ltr'>(11ο</span> <span class='ocrx_word' id='word_1_62' title='bbox 151 984 241 1056; x_wconf 74' lang='lat' dir='ltr'>truc,</span> <span class='ocrx_word' id='word_1_63' title='bbox 257 981 290 1041; x_wconf 82' lang='lat' dir='ltr'>in</span> <span class='ocrx_word' id='word_1_64' title='bbox 302 979 391 1062; x_wconf 81' lang='lat' dir='ltr'>fine),</span> <span class='ocrx_word' id='word_1_65' title='bbox 406 979 463 1042; x_wconf 90' lang='lat' dir='ltr'>nisi</span> <span class='ocrx_word' id='word_1_66' title='bbox 476 998 619 1043; x_wconf 84' lang='lat' dir='ltr'>exercens</span> <span class='ocrx_word' id='word_1_67' title='bbox 633 979 771 1042; x_wconf 88' lang='lat' dir='ltr'>ordinem</span> <span class='ocrx_word' id='word_1_68' title='bbox 786 979 984 1061; x_wconf 85' lang='lat' dir='ltr'>superiorem,</span> <span class='ocrx_word' id='word_1_69' title='bbox 1001 997 1064 1042; x_wconf 92' lang='lat' dir='ltr'>non</span> 
     </span>
     <span class='ocr_line' id='line_1_10' title="bbox 22 1067 1146 1151; baseline -0.004 -18"><span class='ocrx_word' id='word_1_70' title='bbox 22 1093 23 1100; x_wconf 49' lang='lat'>¹</span> <span class='ocrx_word' id='word_1_71' title='bbox 90 1075 265 1133; x_wconf 77' lang='lat' dir='ltr'>censeretur</span> <span class='ocrx_word' id='word_1_72' title='bbox 279 1067 452 1132; x_wconf 83' lang='lat' dir='ltr'>interiorem</span> <span class='ocrx_word' id='word_1_73' title='bbox 472 1087 625 1146; x_wconf 86' lang='lat' dir='ltr'>exercere,</span> <span class='ocrx_word' id='word_1_74' title='bbox 641 1075 761 1151; x_wconf 88' lang='lat' dir='ltr'>utputa</span> <span class='ocrx_word' id='word_1_75' title='bbox 775 1068 800 1131; x_wconf 93' lang='lat' dir='ltr'>si</span> <span class='ocrx_word' id='word_1_76' title='bbox 816 1067 975 1147; x_wconf 87' lang='lat' dir='ltr'>sacerdos,</span> <span class='ocrx_word' id='word_1_77' title='bbox 997 1085 1064 1132; x_wconf 87' lang='lat' dir='ltr'>sus·</span> <span class='ocrx_word' id='word_1_78' title='bbox 1142 1119 1146 1128; x_wconf 92' lang='lat'>.</span> 
     </span>
     <span class='ocr_line' id='line_1_11' title="bbox 91 1157 974 1242; baseline -0.001 -20"><span class='ocrx_word' id='word_1_79' title='bbox 91 1178 206 1242; x_wconf 90' lang='lat' dir='ltr'>pensus</span> <span class='ocrx_word' id='word_1_80' title='bbox 219 1158 258 1222; x_wconf 88' lang='lat' dir='ltr'>ab</span> <span class='ocrx_word' id='word_1_81' title='bbox 276 1157 382 1220; x_wconf 91' lang='lat' dir='ltr'>ordine</span> <span class='ocrx_word' id='word_1_82' title='bbox 400 1158 578 1222; x_wconf 79' lang='lat' dir='ltr'>diaconatus</span> <span class='ocrx_word' id='word_1_83' title='bbox 594 1157 800 1220; x_wconf 83' lang='lat' dir='ltr'>confessiones</span> <span class='ocrx_word' id='word_1_84' title='bbox 814 1157 974 1240; x_wconf 86' lang='lat' dir='ltr'>exciperet.</span> 
     </span>
     <span class='ocr_line' id='line_1_12' title="bbox 131 1245 1063 1330; baseline 0 -20"><span class='ocrx_word' id='word_1_85' title='bbox 131 1252 223 1312; x_wconf 77' lang='lat'>6575.</span> <span class='ocrx_word' id='word_1_86' title='bbox 240 1247 403 1328; x_wconf 88' lang='lat' dir='ltr'>Suspensio</span> <span class='ocrx_word' id='word_1_87' title='bbox 417 1248 455 1309; x_wconf 84' lang='lat' dir='ltr'>ab</span> <span class='ocrx_word' id='word_1_88' title='bbox 473 1247 573 1330; x_wconf 70' lang='lat' dir='ltr'>officio</span> <span class='ocrx_word' id='word_1_89' title='bbox 587 1247 712 1329; x_wconf 81' lang='lat' dir='ltr'>intelligi</span> <span class='ocrx_word' id='word_1_90' title='bbox 730 1253 828 1330; x_wconf 86' lang='lat' dir='ltr'>potest</span> <span class='ocrx_word' id='word_1_91' title='bbox 841 1247 887 1310; x_wconf 88' lang='lat' dir='ltr'>vel</span> <span class='ocrx_word' id='word_1_92' title='bbox 909 1245 1063 1326; x_wconf 74' lang='lat' dir='ltr'>absolute,</span> 
     </span>
    </p>
   </div>
   <div class='ocr_carea' id='block_1_3' title="bbox 89 1335 1175 1419">
    <p class='ocr_par' dir='ltr' id='par_1_3' title="bbox 89 1335 1175 1419">
     <span class='ocr_line' id='line_1_13' title="bbox 89 1335 1175 1419; baseline -0.006 -19"><span class='ocrx_word' id='word_1_93' title='bbox 89 1339 169 1400; x_wconf 88' lang='lat' dir='ltr'>etsic</span> <span class='ocrx_word' id='word_1_94' title='bbox 179 1335 409 1419; x_wconf 87' lang='lat' dir='ltr'>comprehendit</span> <span class='ocrx_word' id='word_1_95' title='bbox 417 1336 849 1419; x_wconf 83' lang='lat' dir='ltr'>omneexercitiumpotestatis</span> <span class='ocrx_word' id='word_1_96' title='bbox 858 1335 1065 1400; x_wconf 87' lang='lat' dir='ltr'>ecclesiasticae</span> <span class='ocrx_word' id='word_1_97' title='bbox 1173 1391 1175 1394; x_wconf 84' lang='lat'>.</span> 
     </span>
    </p>
   </div>
   <div class='ocr_carea' id='block_1_4' title="bbox 37 1423 1071 3732">
    <p class='ocr_par' dir='ltr' id='par_1_4' title="bbox 37 1423 1068 2400">
     <span class='ocr_line' id='line_1_14' title="bbox 89 1423 1065 1506; baseline 0 -18"><span class='ocrx_word' id='word_1_98' title='bbox 89 1428 153 1488; x_wconf 87' lang='lat' dir='ltr'>sive</span> <span class='ocrx_word' id='word_1_99' title='bbox 168 1425 284 1488; x_wconf 88' lang='lat' dir='ltr'>ratione</span> <span class='ocrx_word' id='word_1_100' title='bbox 298 1423 428 1502; x_wconf 81' lang='lat' dir='ltr'>ordinis,</span> <span class='ocrx_word' id='word_1_101' title='bbox 449 1427 510 1490; x_wconf 85' lang='lat' dir='ltr'>sive</span> <span class='ocrx_word' id='word_1_102' title='bbox 529 1427 643 1489; x_wconf 86' lang='lat' dir='ltr'>ratione</span> <span class='ocrx_word' id='word_1_103' title='bbox 658 1425 895 1506; x_wconf 75' lang='lat' dir='ltr'>iurisdictionis3</span> <span class='ocrx_word' id='word_1_104' title='bbox 911 1432 940 1488; x_wconf 88' lang='lat' dir='ltr'>et</span> <span class='ocrx_word' id='word_1_105' title='bbox 957 1443 1065 1488; x_wconf 86' lang='lat' dir='ltr'>conse·</span> 
     </span>
     <span class='ocr_line' id='line_1_15' title="bbox 37 1513 1066 1598; baseline 0.006 -26"><span class='ocrx_word' id='word_1_106' title='bbox 37 1565 40 1572; x_wconf 91' lang='lat'>.</span> <span class='ocrx_word' id='word_1_107' title='bbox 89 1522 221 1598; x_wconf 86' lang='lat' dir='ltr'>quenter</span> <span class='ocrx_word' id='word_1_108' title='bbox 234 1515 331 1576; x_wconf 74' lang='lat' dir='ltr'>taliter</span> <span class='ocrx_word' id='word_1_109' title='bbox 345 1533 511 1596; x_wconf 89' lang='lat' dir='ltr'>suspensus</span> <span class='ocrx_word' id='word_1_110' title='bbox 533 1535 594 1578; x_wconf 88' lang='lat' dir='ltr'>non</span> <span class='ocrx_word' id='word_1_111' title='bbox 610 1521 709 1598; x_wconf 88' lang='lat' dir='ltr'>potest</span> <span class='ocrx_word' id='word_1_112' title='bbox 733 1513 884 1577; x_wconf 91' lang='lat' dir='ltr'>celebrare</span> <span class='ocrx_word' id='word_1_113' title='bbox 900 1533 956 1578; x_wconf 87' lang='lat' dir='ltr'>nec</span> <span class='ocrx_word' id='word_1_114' title='bbox 969 1515 1066 1578; x_wconf 78' lang='lat' dir='ltr'>aalide</span> 
     </span>
     <span class='ocr_line' id='line_1_16' title="bbox 89 1603 1065 1686; baseline 0.001 -20"><span class='ocrx_word' id='word_1_115' title='bbox 89 1604 379 1681; x_wconf 87' lang='lat' dir='ltr'>excommunicare,</span> <span class='ocrx_word' id='word_1_116' title='bbox 401 1605 717 1682; x_wconf 71' lang='lat' dir='ltr'>hembriacensem,</span> <span class='ocrx_word' id='word_1_117' title='bbox 739 1603 943 1686; x_wconf 86' lang='lat' dir='ltr'>indulgentias</span> <span class='ocrx_word' id='word_1_118' title='bbox 956 1623 1065 1668; x_wconf 89' lang='lat' dir='ltr'>conce·</span> 
     </span>
     <span class='ocr_line' id='line_1_17' title="bbox 89 1692 1066 1775; baseline 0.001 -20"><span class='ocrx_word' id='word_1_119' title='bbox 89 1693 175 1770; x_wconf 82' lang='lat' dir='ltr'>dere,</span> <span class='ocrx_word' id='word_1_120' title='bbox 192 1692 359 1775; x_wconf 89' lang='lat' dir='ltr'>approbare</span> <span class='ocrx_word' id='word_1_121' title='bbox 374 1692 411 1754; x_wconf 89' lang='lat' dir='ltr'>ad</span> <span class='ocrx_word' id='word_1_122' title='bbox 426 1692 647 1770; x_wconf 80' lang='lat' dir='ltr'>confessiones,</span> <span class='ocrx_word' id='word_1_123' title='bbox 662 1699 720 1756; x_wconf 87' lang='lat' dir='ltr'>etc.</span> <span class='ocrx_word' id='word_1_124' title='bbox 731 1728 771 1740; x_wconf 92' lang='lat'>—</span> <span class='ocrx_word' id='word_1_125' title='bbox 781 1693 944 1775; x_wconf 88' lang='lat' dir='ltr'>Suspensio</span> <span class='ocrx_word' id='word_1_126' title='bbox 958 1693 1066 1756; x_wconf 84' lang='lat' dir='ltr'>abelli-</span> 
     </span>
     <span class='ocr_line' id='line_1_18' title="bbox 90 1781 1066 1864; baseline 0.002 -20"><span class='ocrx_word' id='word_1_127' title='bbox 90 1784 140 1845; x_wconf 81' lang='grc'>111</span> <span class='ocrx_word' id='word_1_128' title='bbox 157 1789 253 1864; x_wconf 87' lang='lat' dir='ltr'>potest</span> <span class='ocrx_word' id='word_1_129' title='bbox 271 1782 361 1843; x_wconf 87' lang='lat' dir='ltr'>etiam</span> <span class='ocrx_word' id='word_1_130' title='bbox 377 1781 500 1863; x_wconf 82' lang='lat' dir='ltr'>intelligi</span> <span class='ocrx_word' id='word_1_131' title='bbox 519 1782 557 1845; x_wconf 94' lang='lat' dir='ltr'>de</span> <span class='ocrx_word' id='word_1_132' title='bbox 576 1782 639 1844; x_wconf 78' lang='lat' dir='ltr'>solt</span> <span class='ocrx_word' id='word_1_133' title='bbox 656 1781 883 1861; x_wconf 85' lang='lat' dir='ltr'>jurisdictione,</span> <span class='ocrx_word' id='word_1_134' title='bbox 903 1789 956 1846; x_wconf 87' lang='lat' dir='ltr'>aut</span> <span class='ocrx_word' id='word_1_135' title='bbox 975 1783 1066 1846; x_wconf 86' lang='lat' dir='ltr'>etiam</span> 
     </span>
     <span class='ocr_line' id='line_1_19' title="bbox 90 1869 1067 1953; baseline 0 -19"><span class='ocrx_word' id='word_1_136' title='bbox 90 1872 129 1934; x_wconf 88' lang='lat' dir='ltr'>de</span> <span class='ocrx_word' id='word_1_137' title='bbox 149 1871 279 1952; x_wconf 72' lang='lat' dir='ltr'>quidum</span> <span class='ocrx_word' id='word_1_138' title='bbox 294 1877 378 1953; x_wconf 86' lang='lat' dir='ltr'>parte</span> <span class='ocrx_word' id='word_1_139' title='bbox 398 1871 631 1950; x_wconf 81' lang='lat' dir='ltr'>iurisdictionis,</span> <span class='ocrx_word' id='word_1_140' title='bbox 649 1871 695 1932; x_wconf 88' lang='lat' dir='ltr'>rel</span> <span class='ocrx_word' id='word_1_141' title='bbox 715 1869 754 1932; x_wconf 93' lang='lat' dir='ltr'>de</span> <span class='ocrx_word' id='word_1_142' title='bbox 772 1869 975 1933; x_wconf 80' lang='lat' dir='ltr'>lunationibus</span> <span class='ocrx_word' id='word_1_143' title='bbox 997 1891 1067 1953; x_wconf 80' lang='lat' dir='ltr'>quae</span> 
     </span>
     <span class='ocr_line' id='line_1_20' title="bbox 90 1959 1068 2041; baseline 0 -17"><span class='ocrx_word' id='word_1_144' title='bbox 90 1961 269 2024; x_wconf 84' lang='lat' dir='ltr'>exercitium</span> <span class='ocrx_word' id='word_1_145' title='bbox 293 1959 434 2023; x_wconf 89' lang='lat' dir='ltr'>ordinum</span> <span class='ocrx_word' id='word_1_146' title='bbox 454 1979 516 2022; x_wconf 87' lang='lat' dir='ltr'>non</span> <span class='ocrx_word' id='word_1_147' title='bbox 537 1960 706 2041; x_wconf 88' lang='lat' dir='ltr'>requirunt.</span> <span class='ocrx_word' id='word_1_148' title='bbox 732 1959 887 2031; x_wconf 80' lang='lat' dir='ltr'>Quantitas</span> <span class='ocrx_word' id='word_1_149' title='bbox 910 1965 1011 2021; x_wconf 84' lang='lat' dir='ltr'>nutem</span> <span class='ocrx_word' id='word_1_150' title='bbox 1038 1967 1068 2024; x_wconf 87' lang='lat' dir='ltr'>et</span> 
     </span>
     <span class='ocr_line' id='line_1_21' title="bbox 91 2047 1065 2134; baseline -0.004 -20"><span class='ocrx_word' id='word_1_151' title='bbox 91 2051 221 2134; x_wconf 87' lang='lat' dir='ltr'>qualitas</span> <span class='ocrx_word' id='word_1_152' title='bbox 235 2049 441 2131; x_wconf 85' lang='lat' dir='ltr'>suspensionis</span> <span class='ocrx_word' id='word_1_153' title='bbox 451 2049 551 2132; x_wconf 89' lang='lat' dir='ltr'>colligi</span> <span class='ocrx_word' id='word_1_154' title='bbox 565 2049 676 2111; x_wconf 90' lang='lat' dir='ltr'>debent</span> <span class='ocrx_word' id='word_1_155' title='bbox 686 2066 724 2110; x_wconf 85' lang='lat' dir='ltr'>ex</span> <span class='ocrx_word' id='word_1_156' title='bbox 734 2047 946 2128; x_wconf 88' lang='lat' dir='ltr'>verbisquibus</span> <span class='ocrx_word' id='word_1_157' title='bbox 960 2048 1065 2128; x_wconf 78' lang='lat' dir='ltr'>fertur,</span> 
     </span>
     <span class='ocr_line' id='line_1_22' title="bbox 91 2137 1068 2223; baseline -0.002 -20"><span class='ocrx_word' id='word_1_158' title='bbox 91 2159 183 2223; x_wconf 84' lang='lat' dir='ltr'>quae,</span> <span class='ocrx_word' id='word_1_159' title='bbox 205 2145 308 2222; x_wconf 90' lang='lat' dir='ltr'>utpote</span> <span class='ocrx_word' id='word_1_160' title='bbox 323 2140 355 2201; x_wconf 93' lang='lat' dir='ltr'>in</span> <span class='ocrx_word' id='word_1_161' title='bbox 369 2138 535 2212; x_wconf 75' lang='lat' dir='ltr'>reodiest,</span> <span class='ocrx_word' id='word_1_162' title='bbox 552 2156 613 2200; x_wconf 90' lang='lat' dir='ltr'>non</span> <span class='ocrx_word' id='word_1_163' title='bbox 634 2137 764 2219; x_wconf 85' lang='lat' dir='ltr'>amplius</span> <span class='ocrx_word' id='word_1_164' title='bbox 787 2143 857 2200; x_wconf 88' lang='lat' dir='ltr'>sunt</span> <span class='ocrx_word' id='word_1_165' title='bbox 878 2137 1068 2201; x_wconf 83' lang='lat' dir='ltr'>extendenda</span> 
     </span>
     <span class='ocr_line' id='line_1_23' title="bbox 91 2224 1065 2311; baseline 0 -19"><span class='ocrx_word' id='word_1_166' title='bbox 91 2231 185 2310; x_wconf 73' lang='lat' dir='ltr'>quam</span> <span class='ocrx_word' id='word_1_167' title='bbox 198 2230 319 2311; x_wconf 77' lang='lat' dir='ltr'>proprie</span> <span class='ocrx_word' id='word_1_168' title='bbox 333 2235 451 2291; x_wconf 87' lang='lat' dir='ltr'>sonant.</span> <span class='ocrx_word' id='word_1_169' title='bbox 469 2227 544 2291; x_wconf 91' lang='lat' dir='ltr'>Vide</span> <span class='ocrx_word' id='word_1_170' title='bbox 558 2246 606 2311; x_wconf 90' lang='lat' dir='ltr'>ap.</span> <span class='ocrx_word' id='word_1_171' title='bbox 624 2227 655 2291; x_wconf 89' lang='lat' dir='ltr'>S.</span> <span class='ocrx_word' id='word_1_172' title='bbox 672 2227 809 2308; x_wconf 71' lang='lat' dir='ltr'>Ligdum,</span> <span class='ocrx_word' id='word_1_173' title='bbox 823 2224 876 2291; x_wconf 92' lang='lat' dir='ltr'>lib.</span> <span class='ocrx_word' id='word_1_174' title='bbox 892 2231 923 2305; x_wconf 85' lang='grc'>’1,</span> <span class='ocrx_word' id='word_1_175' title='bbox 939 2235 973 2290; x_wconf 77' lang='grc' dir='ltr'>11ο</span> <span class='ocrx_word' id='word_1_176' title='bbox 986 2229 1065 2308; x_wconf 84' lang='grc'>316;</span> 
     </span>
     <span class='ocr_line' id='line_1_24' title="bbox 90 2315 748 2400; baseline -0.003 -18"><span class='ocrx_word' id='word_1_177' title='bbox 90 2327 122 2382; x_wconf 83' lang='grc'>11</span> <span class='ocrx_word' id='word_1_178' title='bbox 137 2318 282 2382; x_wconf 87' lang='lat' dir='ltr'>Stremler</span> <span class='ocrx_word' id='word_1_179' title='bbox 297 2315 368 2399; x_wconf 84' lang='lat' dir='ltr'>(Dea</span> <span class='ocrx_word' id='word_1_180' title='bbox 375 2318 474 2399; x_wconf 84' lang='lat' dir='ltr'>peines</span> <span class='ocrx_word' id='word_1_181' title='bbox 487 2317 600 2394; x_wconf 69' lang='lat' dir='ltr'>eccles,</span> <span class='ocrx_word' id='word_1_182' title='bbox 617 2337 649 2400; x_wconf 88' lang='lat' dir='ltr'>p.</span> <span class='ocrx_word' id='word_1_183' title='bbox 664 2317 748 2399; x_wconf 75' lang='grc'>996).</span> 
     </span>
    </p>

    <p class='ocr_par' dir='ltr' id='par_1_5' title="bbox 90 2404 1068 2758">
     <span class='ocr_line' id='line_1_25' title="bbox 132 2404 1066 2490; baseline 0.001 -22"><span class='ocrx_word' id='word_1_184' title='bbox 132 2411 222 2471; x_wconf 82' lang='grc'>6516.</span> <span class='ocrx_word' id='word_1_185' title='bbox 247 2406 411 2490; x_wconf 82' lang='lat' dir='ltr'>suspensio</span> <span class='ocrx_word' id='word_1_186' title='bbox 424 2406 462 2470; x_wconf 90' lang='lat' dir='ltr'>ab</span> <span class='ocrx_word' id='word_1_187' title='bbox 475 2405 574 2468; x_wconf 86' lang='lat' dir='ltr'>cilicio</span> <span class='ocrx_word' id='word_1_188' title='bbox 589 2405 725 2469; x_wconf 77' lang='lat' dir='ltr'>absolute</span> <span class='ocrx_word' id='word_1_189' title='bbox 747 2411 778 2468; x_wconf 89' lang='lat' dir='ltr'>ct</span> <span class='ocrx_word' id='word_1_190' title='bbox 795 2404 860 2468; x_wconf 79' lang='lat' dir='ltr'>sine</span> <span class='ocrx_word' id='word_1_191' title='bbox 875 2404 976 2468; x_wconf 87' lang='lat' dir='ltr'>addito</span> <span class='ocrx_word' id='word_1_192' title='bbox 990 2405 1066 2484; x_wconf 89' lang='lat' dir='ltr'>lata,</span> 
     </span>
     <span class='ocr_line' id='line_1_26' title="bbox 92 2494 1068 2578; baseline 0 -18"><span class='ocrx_word' id='word_1_193' title='bbox 92 2516 156 2560; x_wconf 88' lang='lat' dir='ltr'>non</span> <span class='ocrx_word' id='word_1_194' title='bbox 175 2497 350 2578; x_wconf 82' lang='lat' dir='ltr'>intelligitur</span> <span class='ocrx_word' id='word_1_195' title='bbox 363 2495 401 2558; x_wconf 90' lang='lat' dir='ltr'>de</span> <span class='ocrx_word' id='word_1_196' title='bbox 415 2495 612 2578; x_wconf 90' lang='lat' dir='ltr'>suspensione</span> <span class='ocrx_word' id='word_1_197' title='bbox 630 2496 669 2556; x_wconf 86' lang='lat' dir='ltr'>ab</span> <span class='ocrx_word' id='word_1_198' title='bbox 688 2494 812 2572; x_wconf 86' lang='lat' dir='ltr'>ordine,</span> <span class='ocrx_word' id='word_1_199' title='bbox 825 2495 910 2574; x_wconf 84' lang='lat' dir='ltr'>juxta</span> <span class='ocrx_word' id='word_1_200' title='bbox 925 2495 1068 2560; x_wconf 86' lang='lat' dir='ltr'>Stremler</span> 
     </span>
     <span class='ocr_line' id='line_1_27' title="bbox 93 2581 1067 2667; baseline 0.003 -21"><span class='ocrx_word' id='word_1_201' title='bbox 93 2586 167 2663; x_wconf 72' lang='lat' dir='ltr'>(ita,</span> <span class='ocrx_word' id='word_1_202' title='bbox 182 2606 212 2667; x_wconf 89' lang='lat' dir='ltr'>p.</span> <span class='ocrx_word' id='word_1_203' title='bbox 232 2587 315 2664; x_wconf 85' lang='grc'>300.)</span> <span class='ocrx_word' id='word_1_204' title='bbox 335 2583 546 2648; x_wconf 86' lang='lat' dir='ltr'>Contradicere</span> <span class='ocrx_word' id='word_1_205' title='bbox 566 2581 706 2647; x_wconf 86' lang='lat' dir='ltr'>videntur</span> <span class='ocrx_word' id='word_1_206' title='bbox 723 2583 756 2646; x_wconf 88' lang='grc'>0.</span> <span class='ocrx_word' id='word_1_207' title='bbox 777 2581 877 2664; x_wconf 87' lang='lat' dir='ltr'>Soglia</span> <span class='ocrx_word' id='word_1_208' title='bbox 895 2581 982 2660; x_wconf 82' lang='lat' dir='ltr'>(lost.</span> <span class='ocrx_word' id='word_1_209' title='bbox 997 2582 1067 2666; x_wconf 83' lang='lat' dir='ltr'>jur.</span> 
     </span>
     <span class='ocr_line' id='line_1_28' title="bbox 90 2673 804 2758; baseline -0.004 -21"><span class='ocrx_word' id='word_1_210' title='bbox 90 2676 185 2758; x_wconf 77' lang='lat' dir='ltr'>prio,</span> <span class='ocrx_word' id='word_1_211' title='bbox 200 2674 219 2756; x_wconf 65' lang='grc' dir='ltr'>ξ</span> <span class='ocrx_word' id='word_1_212' title='bbox 232 2673 305 2756; x_wconf 67' lang='lat' dir='ltr'>bil)</span> <span class='ocrx_word' id='word_1_213' title='bbox 320 2679 351 2738; x_wconf 87' lang='lat' dir='ltr'>et</span> <span class='ocrx_word' id='word_1_214' title='bbox 360 2674 390 2737; x_wconf 88' lang='lat' dir='ltr'>S.</span> <span class='ocrx_word' id='word_1_215' title='bbox 407 2673 529 2756; x_wconf 87' lang='lat' dir='ltr'>Liguor.</span> <span class='ocrx_word' id='word_1_216' title='bbox 546 2673 612 2755; x_wconf 93' lang='lat' dir='ltr'>(lib.</span> <span class='ocrx_word' id='word_1_217' title='bbox 628 2677 660 2750; x_wconf 83' lang='lat' dir='ltr'>t,</span> <span class='ocrx_word' id='word_1_218' title='bbox 674 2683 707 2734; x_wconf 75' lang='grc' dir='ltr'>11ο</span> <span class='ocrx_word' id='word_1_219' title='bbox 720 2675 804 2750; x_wconf 82' lang='grc'>315).</span> 
     </span>
    </p>

    <p class='ocr_par' dir='ltr' id='par_1_6' title="bbox 80 2761 1071 3732">
     <span class='ocr_line' id='line_1_29' title="bbox 133 2761 1070 2845; baseline 0 -20"><span class='ocrx_word' id='word_1_220' title='bbox 133 2769 224 2827; x_wconf 80' lang='grc'>0511.</span> <span class='ocrx_word' id='word_1_221' title='bbox 248 2763 443 2845; x_wconf 76' lang='lat' dir='ltr'>Suspensiob</span> <span class='ocrx_word' id='word_1_222' title='bbox 463 2763 528 2826; x_wconf 88' lang='lat' dir='ltr'>solo</span> <span class='ocrx_word' id='word_1_223' title='bbox 548 2761 716 2840; x_wconf 82' lang='lat' dir='ltr'>beneficio,</span> <span class='ocrx_word' id='word_1_224' title='bbox 731 2761 826 2843; x_wconf 84' lang='lat' dir='ltr'>privat</span> <span class='ocrx_word' id='word_1_225' title='bbox 837 2763 955 2824; x_wconf 80' lang='lat' dir='ltr'>tantum</span> <span class='ocrx_word' id='word_1_226' title='bbox 969 2762 1070 2826; x_wconf 91' lang='lat' dir='ltr'>reddi·</span> 
     </span>
     <span class='ocr_line' id='line_1_30' title="bbox 80 2851 1070 2934; baseline 0.003 -22"><span class='ocrx_word' id='word_1_227' title='bbox 80 2853 327 2931; x_wconf 80' lang='grc' dir='ltr'>Ι0011111111111111</span> <span class='ocrx_word' id='word_1_228' title='bbox 344 2872 352 2913; x_wconf 76' lang='grc' dir='ltr'><strong><em>ε</em></strong></span> <span class='ocrx_word' id='word_1_229' title='bbox 373 2851 425 2914; x_wconf 92' lang='lat' dir='ltr'>sed</span> <span class='ocrx_word' id='word_1_230' title='bbox 444 2852 480 2914; x_wconf 91' lang='lat' dir='ltr'>iis</span> <span class='ocrx_word' id='word_1_231' title='bbox 497 2852 637 2934; x_wconf 87' lang='lat' dir='ltr'>privatin</span> <span class='ocrx_word' id='word_1_232' title='bbox 656 2851 838 2914; x_wconf 72' lang='lat' dir='ltr'>conscientia</span> <span class='ocrx_word' id='word_1_233' title='bbox 857 2857 928 2914; x_wconf 87' lang='lat' dir='ltr'>ante</span> <span class='ocrx_word' id='word_1_234' title='bbox 945 2869 1070 2916; x_wconf 91' lang='lat' dir='ltr'>omnem</span> 
     </span>
     <span class='ocr_line' id='line_1_31' title="bbox 95 2939 1071 3024; baseline 0.002 -23"><span class='ocrx_word' id='word_1_235' title='bbox 95 2943 272 3004; x_wconf 86' lang='lat' dir='ltr'>sententiam</span> <span class='ocrx_word' id='word_1_236' title='bbox 295 2961 304 3004; x_wconf 75' lang='grc' dir='ltr'><strong><em>ε</em></strong></span> <span class='ocrx_word' id='word_1_237' title='bbox 329 2961 391 3004; x_wconf 91' lang='lat' dir='ltr'>non</span> <span class='ocrx_word' id='word_1_238' title='bbox 413 2941 506 3024; x_wconf 87' lang='lat' dir='ltr'>privat</span> <span class='ocrx_word' id='word_1_239' title='bbox 533 2959 606 3022; x_wconf 89' lang='lat' dir='ltr'>ergo</span> <span class='ocrx_word' id='word_1_240' title='bbox 628 2939 835 3004; x_wconf 79' lang='lat' dir='ltr'>lunationibus</span> <span class='ocrx_word' id='word_1_241' title='bbox 857 2940 992 3016; x_wconf 87' lang='lat' dir='ltr'>ordinis,</span> <span class='ocrx_word' id='word_1_242' title='bbox 1019 2947 1071 3003; x_wconf 88' lang='lat' dir='ltr'>aul</span> 
     </span>
     <span class='ocr_line' id='line_1_32' title="bbox 97 3029 1068 3112; baseline 0.003 -24"><span class='ocrx_word' id='word_1_243' title='bbox 97 3030 235 3092; x_wconf 84' lang='lat' dir='ltr'>exercitio</span> <span class='ocrx_word' id='word_1_244' title='bbox 245 3031 460 3109; x_wconf 88' lang='lat' dir='ltr'>jurisdictionis</span> <span class='ocrx_word' id='word_1_245' title='bbox 474 3049 542 3112; x_wconf 86' lang='lat' dir='ltr'>quae</span> <span class='ocrx_word' id='word_1_246' title='bbox 557 3029 750 3092; x_wconf 83' lang='lat' dir='ltr'>beneficiario</span> <span class='ocrx_word' id='word_1_247' title='bbox 763 3035 961 3112; x_wconf 86' lang='lat' dir='ltr'>competunt,</span> <span class='ocrx_word' id='word_1_248' title='bbox 978 3030 1068 3091; x_wconf 90' lang='lat' dir='ltr'>etiam</span> 
     </span>
     <span class='ocr_line' id='line_1_33' title="bbox 99 3116 1067 3202; baseline 0.002 -25"><span class='ocrx_word' id='word_1_249' title='bbox 99 3116 211 3178; x_wconf 89' lang='lat' dir='ltr'>ratione</span> <span class='ocrx_word' id='word_1_250' title='bbox 225 3117 372 3182; x_wconf 80' lang='lat' dir='ltr'>tenedon.</span> <span class='ocrx_word' id='word_1_251' title='bbox 388 3123 431 3184; x_wconf 86' lang='lat' dir='ltr'>lte</span> <span class='ocrx_word' id='word_1_252' title='bbox 445 3119 649 3182; x_wconf 85' lang='lat' dir='ltr'>Busembaum</span> <span class='ocrx_word' id='word_1_253' title='bbox 659 3165 667 3194; x_wconf 88' lang='lat'><strong>‚</strong></span> <span class='ocrx_word' id='word_1_254' title='bbox 678 3119 760 3202; x_wconf 90' lang='lat' dir='ltr'>apud</span> <span class='ocrx_word' id='word_1_255' title='bbox 774 3121 805 3182; x_wconf 87' lang='lat' dir='ltr'>S.</span> <span class='ocrx_word' id='word_1_256' title='bbox 822 3119 944 3200; x_wconf 87' lang='lat' dir='ltr'>Liguor.</span> <span class='ocrx_word' id='word_1_257' title='bbox 962 3117 1025 3196; x_wconf 83' lang='lat' dir='ltr'>(lib.</span> <span class='ocrx_word' id='word_1_258' title='bbox 1036 3123 1067 3193; x_wconf 81' lang='lat'>7,</span> 
     </span>
     <span class='ocr_line' id='line_1_34' title="bbox 97 3207 1070 3288; baseline 0.003 -21"><span class='ocrx_word' id='word_1_259' title='bbox 97 3215 131 3266; x_wconf 68' lang='grc' dir='ltr'>11ο</span> <span class='ocrx_word' id='word_1_260' title='bbox 144 3209 233 3284; x_wconf 85' lang='grc'>316);</span> <span class='ocrx_word' id='word_1_261' title='bbox 252 3210 435 3284; x_wconf 71' lang='lat' dir='ltr'>crmtrarium</span> <span class='ocrx_word' id='word_1_262' title='bbox 449 3217 549 3272; x_wconf 85' lang='lat' dir='ltr'>lamen</span> <span class='ocrx_word' id='word_1_263' title='bbox 565 3210 670 3270; x_wconf 87' lang='lat' dir='ltr'>asserit</span> <span class='ocrx_word' id='word_1_264' title='bbox 683 3208 828 3271; x_wconf 90' lang='lat' dir='ltr'>Stremler</span> <span class='ocrx_word' id='word_1_265' title='bbox 841 3207 907 3288; x_wconf 72' lang='lat' dir='ltr'>(ib,</span> <span class='ocrx_word' id='word_1_266' title='bbox 922 3225 953 3287; x_wconf 96' lang='lat' dir='ltr'>p.</span> <span class='ocrx_word' id='word_1_267' title='bbox 969 3209 1023 3268; x_wconf 88' lang='grc'>301</span> <span class='ocrx_word' id='word_1_268' title='bbox 1041 3213 1070 3271; x_wconf 89' lang='lat' dir='ltr'>et</span> 
     </span>
     <span class='ocr_line' id='line_1_35' title="bbox 95 3294 1067 3380; baseline -0.001 -23"><span class='ocrx_word' id='word_1_269' title='bbox 95 3299 176 3375; x_wconf 74' lang='lat'>302).</span> <span class='ocrx_word' id='word_1_270' title='bbox 192 3299 255 3359; x_wconf 85' lang='lat' dir='ltr'>Nec</span> <span class='ocrx_word' id='word_1_271' title='bbox 268 3297 460 3380; x_wconf 87' lang='lat' dir='ltr'>etiamprivat</span> <span class='ocrx_word' id='word_1_272' title='bbox 473 3299 509 3360; x_wconf 88' lang='lat' dir='ltr'>iis</span> <span class='ocrx_word' id='word_1_273' title='bbox 522 3303 591 3380; x_wconf 83' lang='lat' dir='ltr'>quae</span> <span class='ocrx_word' id='word_1_274' title='bbox 600 3298 781 3380; x_wconf 89' lang='lat' dir='ltr'>proveniunt</span> <span class='ocrx_word' id='word_1_275' title='bbox 794 3315 831 3360; x_wconf 86' lang='lat' dir='ltr'>ex</span> <span class='ocrx_word' id='word_1_276' title='bbox 845 3294 1067 3372; x_wconf 87' lang='lat' dir='ltr'>anniversariis,</span> 
     </span>
     <span class='ocr_line' id='line_1_36' title="bbox 97 3384 1069 3469; baseline -0.002 -21"><span class='ocrx_word' id='word_1_277' title='bbox 97 3403 153 3448; x_wconf 88' lang='lat' dir='ltr'>nec</span> <span class='ocrx_word' id='word_1_278' title='bbox 167 3385 322 3468; x_wconf 89' lang='lat' dir='ltr'>stipendiis</span> <span class='ocrx_word' id='word_1_279' title='bbox 336 3388 517 3461; x_wconf 85' lang='lat' dir='ltr'>missarum,</span> <span class='ocrx_word' id='word_1_280' title='bbox 534 3405 591 3450; x_wconf 92' lang='lat' dir='ltr'>nec</span> <span class='ocrx_word' id='word_1_281' title='bbox 611 3387 647 3449; x_wconf 91' lang='lat' dir='ltr'>iis</span> <span class='ocrx_word' id='word_1_282' title='bbox 660 3403 729 3469; x_wconf 74' lang='lat' dir='ltr'>quae</span> <span class='ocrx_word' id='word_1_283' title='bbox 747 3384 857 3448; x_wconf 86' lang='lat' dir='ltr'>dantur</span> <span class='ocrx_word' id='word_1_284' title='bbox 872 3391 993 3466; x_wconf 90' lang='lat' dir='ltr'>propter</span> <span class='ocrx_word' id='word_1_285' title='bbox 1007 3401 1069 3446; x_wconf 89' lang='lat' dir='ltr'>ser·</span> 
     </span>
     <span class='ocr_line' id='line_1_37' title="bbox 96 3473 1071 3559; baseline 0.001 -23"><span class='ocrx_word' id='word_1_286' title='bbox 96 3475 199 3537; x_wconf 87' lang='lat' dir='ltr'>vitium</span> <span class='ocrx_word' id='word_1_287' title='bbox 215 3476 390 3558; x_wconf 85' lang='lat' dir='ltr'>personale,</span> <span class='ocrx_word' id='word_1_288' title='bbox 413 3493 469 3538; x_wconf 87' lang='lat' dir='ltr'>nec</span> <span class='ocrx_word' id='word_1_289' title='bbox 488 3475 686 3559; x_wconf 88' lang='lat' dir='ltr'>pensionibus</span> <span class='ocrx_word' id='word_1_290' title='bbox 706 3473 924 3537; x_wconf 86' lang='lat' dir='ltr'>ecelesiasticis.</span> <span class='ocrx_word' id='word_1_291' title='bbox 940 3474 1071 3537; x_wconf 82' lang='lat' dir='ltr'>Contro-</span> 
     </span>
     <span class='ocr_line' id='line_1_38' title="bbox 95 3561 1070 3645; baseline 0.001 -19"><span class='ocrx_word' id='word_1_292' title='bbox 95 3563 219 3626; x_wconf 86' lang='lat' dir='ltr'>vertitur</span> <span class='ocrx_word' id='word_1_293' title='bbox 232 3583 271 3627; x_wconf 93' lang='lat' dir='ltr'>an</span> <span class='ocrx_word' id='word_1_294' title='bbox 285 3565 365 3628; x_wconf 92' lang='lat' dir='ltr'>idem</span> <span class='ocrx_word' id='word_1_295' title='bbox 376 3566 413 3626; x_wconf 91' lang='lat' dir='ltr'>sit</span> <span class='ocrx_word' id='word_1_296' title='bbox 426 3564 588 3627; x_wconf 91' lang='lat' dir='ltr'>dicendum</span> <span class='ocrx_word' id='word_1_297' title='bbox 603 3563 641 3626; x_wconf 93' lang='lat' dir='ltr'>de</span> <span class='ocrx_word' id='word_1_298' title='bbox 650 3561 910 3626; x_wconf 87' lang='lat' dir='ltr'>distributionibus</span> <span class='ocrx_word' id='word_1_299' title='bbox 924 3563 1070 3645; x_wconf 88' lang='lat' dir='ltr'>quotidia-</span> 
     </span>
     <span class='ocr_line' id='line_1_39' title="bbox 97 3651 1068 3732; baseline -0.003 -18"><span class='ocrx_word' id='word_1_300' title='bbox 97 3653 145 3714; x_wconf 91' lang='lat' dir='ltr'>nis</span> <span class='ocrx_word' id='word_1_301' title='bbox 162 3652 223 3714; x_wconf 87' lang='lat' dir='ltr'>:de</span> <span class='ocrx_word' id='word_1_302' title='bbox 240 3672 302 3730; x_wconf 81' lang='lat' dir='ltr'>quo</span> <span class='ocrx_word' id='word_1_303' title='bbox 326 3653 394 3714; x_wconf 87' lang='lat' dir='ltr'>ride</span> <span class='ocrx_word' id='word_1_304' title='bbox 417 3655 449 3716; x_wconf 89' lang='lat' dir='ltr'>S.</span> <span class='ocrx_word' id='word_1_305' title='bbox 470 3653 610 3732; x_wconf 67' lang='lat' dir='ltr'>liguas,</span> <span class='ocrx_word' id='word_1_306' title='bbox 627 3651 680 3715; x_wconf 90' lang='lat' dir='ltr'>lib.</span> <span class='ocrx_word' id='word_1_307' title='bbox 699 3656 730 3729; x_wconf 88' lang='grc'>’1,</span> <span class='ocrx_word' id='word_1_308' title='bbox 746 3654 780 3714; x_wconf 84' lang='lat' dir='ltr'>n⁰</span> <span class='ocrx_word' id='word_1_309' title='bbox 794 3653 865 3732; x_wconf 87' lang='grc'>316,</span> <span class='ocrx_word' id='word_1_310' title='bbox 880 3654 1068 3716; x_wconf 52' lang='grc' dir='ltr'>δίη-111111</span> 
     </span>
    </p>
   </div>
   <div class='ocr_carea' id='block_1_5' title="bbox 0 0 1281 3988">
    <p class='ocr_par' dir='ltr' id='par_1_7' title="bbox 0 0 1281 3988">
     <span class='ocr_line' id='line_1_40' title="bbox 0 0 1281 3988; baseline 0 0"><span class='ocrx_word' id='word_1_311' title='bbox 0 0 1281 3988; x_wconf 95' lang='lat' dir='ltr'> </span> 
     </span>
    </p>
   </div>
  </div>
 </body>
</html>
