2548 3988
476 302 559 349 truso
582 306 712 356 renatus.
945 321 948 330 ’
1019 301 1071 368 981

115 420 126 447 o
151 393 315 477 Episcopus
329 406 381 462 aut
394 399 539 464 diaconus
552 405 677 484 capitata
688 408 804 470 crimen
818 413 1013 496 commiserit,
1028 427 1081 483 aut

114 503 126 538 n
150 481 283 546 chartam
297 486 460 567 falsaverit,
481 496 533 553 aut
554 491 665 555 iaisum
677 495 885 562 testimonium
899 501 1026 585 dixerit,
1042 509 1080 570 ab

114 595 126 628 a
149 573 233 634 omni
246 574 336 638 officii
350 576 466 642 honore
480 577 650 660 depositus,
666 581 698 644 in
712 589 928 652 monasterium
942 591 1081 658 detruda-

111 682 126 716 υ
151 666 215 736 tur,
231 666 262 724 et
274 662 335 743 ibi,
351 666 486 746 quandiit
502 667 623 747 vixerit,
639 670 745 752 laicam
759 675 877 737 tantbm
889 684 1081 747 communio·

78 778 80 782 ·
112 771 127 806 o
152 767 222 812 nem
241 753 379 836 accipiat.
398 777 415 815 n
440 754 515 819 Vide
538 757 628 821 etiam
648 777 715 843 cap.
738 761 946 846 inquisitionis
965 773 1023 849 m,
1047 771 1082 835 de

111 857 204 902 accus.
774 905 776 910 .

151 931 241 992 6275.
264 932 468 996 Homicidium
491 935 562 998 verb
588 937 813 1022 qualificatum,
837 948 1081 1012 excommunica-

110 1016 226 1080 tionem
241 1018 306 1100 ipso
319 1021 397 1084 facto
413 1023 529 1087 inducit
541 1045 548 1086 :
558 1028 589 1085 t⁰
599 1026 622 1087 si
636 1027 673 1089 sit
685 1031 895 1112 sacriteqium,
912 1052 949 1098 ex
963 1055 1030 1117 cap.
1046 1038 1084 1100 Si

108 1105 176 1188 quis
189 1107 345 1185 suadente,
363 1119 420 1174 etc.
433 1116 550 1193 (tibin
567 1116 598 1176 2⁰
612 1115 636 1176 si
649 1117 803 1200 contingat
817 1139 870 1201 per
896 1125 1083 1187 assassinium

109 1193 228 1260 inducit
247 1198 386 1262 eumdem
407 1219 529 1282 poenam
552 1201 618 1285 ipso
631 1201 729 1284 iacto,
745 1208 797 1269 sed
819 1227 880 1272 non
902 1220 1083 1276 reservatam

5 1341 6 1356 ,
109 1285 154 1363 (S.
175 1285 312 1368 Lignum,
334 1285 386 1351 lib.
411 1295 450 1368 7,
467 1301 500 1353 n⁰
518 1295 601 1356 209:
622 1311 689 1376 cap.
712 1297 775 1359 Pro
793 1297 913 1362 humani
934 1305 967 1380 t,
988 1300 1082 1366 ueto

5 1369 7 1408 i
108 1372 232 1434 micidio
244 1375 305 1450 ,in
318 1379 381 1456 6⁰),
397 1384 427 1440 et
444 1380 567 1462 insuper
580 1381 778 1463 privationem
799 1387 887 1450 officii
903 1389 968 1470 ipso
983 1390 1080 1453 iacto:
1138 1426 1140 1432 ·

107 1461 310 1525 diciturenim
322 1465 440 1530 indicta
450 1487 565 1533 canona
575 1489 611 1532 ex
623 1469 896 1556 Gonc.Lugdnn.Il
907 1477 1079 1561 desumpto:

113 1571 132 1609 a
152 1551 235 1613 Sacri
262 1555 477 1636 approbatione
503 1559 628 1621 concilii
652 1562 811 1627 statuimus
837 1573 871 1628 ut
897 1568 1083 1650 quicumque

108 1661 128 1698 s
152 1640 305 1722 princeps,
320 1645 692 1725 quaevis..!,ecciesiastica
706 1653 1081 1736 saecuia1·isvcpersona.,.,

111 1751 129 1788 u
152 1730 329 1811 quempiam
340 1731 569 1798 christianorum
579 1755 670 1817 per...
686 1742 849 1804 assassinas
864 1743 989 1806 interfici
1002 1745 1098 1808 secc-
1153 1789 1156 1796 -

112 1841 129 1878 a
152 1817 201 1895 rit,
210 1819 256 1880 vei
267 1819 358 1881 etiam
370 1822 738 1906 mandaverit,quanquam
753 1846 835 1891 mors
844 1829 947 1894 exhoc
960 1832 1083 1896 forsitan

112 1929 130 1966 a
154 1923 215 1968 non
238 1916 400 1989 sequatur,
424 1917 476 1972 aut
497 1928 551 1974 eos
571 1915 781 1993 recupaverit,
805 1916 852 1978 rai
878 1917 1080 1984 detenderit...

114 2017 130 2054 o
153 1995 474 2058 excommunicationis
486 2004 517 2060 ct
528 1996 754 2083 depositionisb
771 2003 935 2086 diurnitatis,
949 2007 1081 2077 honore.

117 2097 129 2118 ··
154 2067 1079 2156 aritine,otiicioetbenetiorornaurratsententiasipsotacto;ot

117 2173 130 2191 ··
155 2158 203 2218 iiia
218 2159 312 2222 tibere
325 2157 428 2221 aliis...
450 2160 661 2237 corrier·antur;
679 2163 715 2224 sit
729 2163 819 2224 etiam
832 2183 903 2226 cum
918 2165 980 2228 suis
996 2168 1081 2232 banis

116 2267 129 2300 n
156 2247 1097 2332 nrurrdonisornnibusitotopopuiochristianoditiidatus.iit'

115 2361 129 2394 s
154 2344 313 2418 postquam
333 2337 539 2418 probabilibus
557 2341 724 2406 constiterit
741 2345 926 2422 argumentis
948 2346 1078 2427 aliquem

116 2449 129 2483 o
154 2427 251 2489 scelus
259 2428 494 2490 tamcxecrabiic
502 2429 878 2501 commisisse‚nuiiatenus
889 2433 946 2496 aiio
960 2453 1079 2496 excom-

115 2531 129 2563 υ
154 2507 366 2569 rnunicationis
385 2507 430 2569 vei
444 2508 641 2590 depositionis
654 2528 708 2571 seu
728 2509 921 2574 diffidationis
938 2513 1080 2576 adrersbs

115 2607 129 2644 s
154 2588 1077 2672 eumsententiarequiratur.»Dehoct⁰casusiietC.Ap.Sed.

159 2672 332 2753 Requiritur
344 2679 446 2734 tamen
460 2670 608 2734 sententia
620 2669 757 2733 criminis
769 2669 964 2736 deciaratorio
978 2684 1012 2741 ut
1026 2679 1087 2762 pri·

121 2761 198 2822 ratio
211 2759 301 2824 officii
315 2778 405 2822 suurn
423 2759 562 2823 effectum
573 2759 704 2821 totaliter
717 2760 867 2822 sortiatur.

161 2851 250 2912 6276.
268 2883 309 2896 —-
322 2852 354 2912 3ο
368 2849 399 2911 Si
413 2850 452 2910 sit
469 2847 687 2930 perduellem:
706 2848 878 2912 «Duelium
897 2855 942 2913 est
955 2851 1088 2916 duorum

122 2957 137 2994 s
162 2937 219 3013 (vel
232 2936 359 3000 subinde
373 2937 516 3018 plurium)
530 2943 699 3014 certamen,
715 2936 797 3018 quod
810 2956 846 3000 err
861 2939 1009 3013 condicto,
1025 2959 1088 3004 uno

126 3044 141 3081 s
164 3023 280 3086 dicente
289 3030 318 3086 at
330 3025 423 3087 aitero
437 3031 619 3106 acceptante,
631 3025 820 3107 suscipitur.»
832 3027 876 3088 lta
885 3027 1087 3091 Busembaum

128 3111 187 3189 (ap.
199 3111 230 3172 S.
246 3111 377 3192 signas,
393 3111 445 3176 lib.
458 3117 494 3192 3,
510 3117 545 3176 n⁰
556 3116 636 3194 399).

167 3198 234 3257 Non
247 3197 315 3260 iicet
335 3201 485 3282 suscipere
500 3200 636 3265 dueiium
653 3202 744 3265 ctiam
764 3203 869 3267 iictum
886 3203 925 3265 ad
937 3201 1089 3265 vitandam

126 3284 298 3360 infanium
314 3303 370 3349 nec
381 3289 471 3352 etiarn
484 3288 611 3353 ducibus
625 3289 693 3354 licet
706 3292 879 3373 permittere
892 3291 992 3354 duella
1011 3290 1090 3354 miii-

125 3375 222 3451 tibus,
238 3373 328 3436 etiam
341 3391 412 3438 cum
423 3375 558 3442 hostibus
571 3379 610 3441 ad
623 3379 827 3443 ostensionem
837 3375 947 3441 virium
961 3377 1069 3456 (ibid).

165 3467 256 3526 6277.
277 3457 427 3530 Notundm
444 3472 515 3530 sunt
535 3466 586 3530 btc
604 3467 823 3548 propositiones
850 3467 868 3528 a
891 3466 1003 3528 Bened.
1024 3470 1091 3530 XIV

124 3551 274 3616 darunatae
287 3564 357 3636 qttae
369 3554 414 3617 sic
424 3554 536 3616 habent
551 3571 559 3615 ε

170 3663 188 3700 a
205 3644 233 3707 b
252 3639 305 3705 Vir
321 3643 476 3718 militaris,
490 3642 558 3720 qui,
572 3643 631 3704 nisi
643 3642 748 3705 offerat
765 3649 795 3704 et
807 3649 943 3724 acceptet
955 3643 1092 3708 duellum
