2548 3988
159 199 215 260 3308
381 211 519 264 xauuxxr
538 213 639 260 rorrus
659 213 741 261 runis
761 214 910 262 carorum.

158 331 188 374 m
208 309 316 375 eodem
330 309 458 376 crimine
479 310 526 376 vei
545 313 736 378 contumacia
756 331 766 376 a
789 331 819 378 v.
843 333 889 397 g.,
912 313 938 378 si
958 315 1029 397 quis
1043 331 1133 378 suam

157 400 360 464 concubinam
381 401 689 482 excommunicatam,
705 403 815 466 iterum
836 407 906 485 post
922 403 1136 466 excommuni»

158 489 308 554 cationem
321 498 483 573 cognoscat
497 491 573 574 (cap.
589 491 627 554 Si
638 491 803 556 concubine
820 495 877 570 55,
890 491 1060 556 decantent.
1076 511 1135 554 aa·

157 581 292 658 comm.);
323 581 370 644 vel
390 580 416 643 si
437 581 506 664 quis
526 587 595 664 post
618 581 965 645 excommunicationem
985 582 1078 644 latam
1101 582 1136 644 in

159 667 307 750 aliquem,
321 668 361 734 ob
383 667 499 734 furtum
521 675 574 734 aut
591 669 673 734 aliud
691 671 827 749 crimen,
842 670 989 753 impendit
1001 671 1029 733 ei
1044 671 1135 733 auxi·

160 756 255 838 tium,
267 764 320 822 aut
340 759 501 824 consilium
519 777 559 823 ne
572 760 723 838 restituat,
740 759 786 822 vei
800 777 840 823 ne
852 765 939 824 exeat
956 759 997 821 ab
1013 776 1138 822 excom·
1253 743 1254 770 ¹

161 847 384 912 manicatione:
399 865 517 929 excep.
534 847 650 931 Nuper,
664 847 699 911 de
711 855 835 914 sentent.
850 867 990 910 excomm.

200 941 291 1000 6550.
313 971 353 986 -
374 937 407 1000 3⁰
428 938 460 1000 Si
474 936 708 1000 communicatio
722 935 774 999 flat
790 937 823 1000 in
839 937 995 1016 civilibus,
1010 942 1136 1000 contro·
1253 971 1254 974 π

162 1027 284 1089 vertitur
296 1045 336 1088 an
350 1033 508 1108 peccatum
522 1026 559 1088 sit
571 1025 610 1088 de
627 1043 659 1088 se
673 1025 797 1089 mortale
814 1045 822 1088 ε
836 1025 1021 1108 probabilius
1030 1033 1135 1089 tamen

162 1115 220 1178 tale
233 1121 403 1197 reputatur,
418 1121 448 1177 et
461 1115 581 1197 probari
596 1133 684 1196 posse
699 1114 814 1178 videtur
828 1133 864 1178 ex
873 1133 940 1196 cap.
956 1115 988 1178 E
988 1133 1133 1180 ceommu-

163 1205 234 1278 nic,
250 1221 341 1266 causa
355 1206 414 1282 rt,
434 1223 464 1284 q.
480 1206 519 1280 33
540 1209 570 1266 et
582 1221 649 1286 cap.
665 1204 877 1285 Exceptionem
888 1207 937 1280 ti,
957 1202 992 1265 da
1004 1209 1136 1283 except„

164 1291 215 1356 ubi
228 1291 459 1356 communicans
481 1291 625 1370 civiliter,
653 1292 765 1356 dicitur
787 1293 819 1356 in
839 1290 1005 1375 periodum
1027 1292 1139 1352 anima

164 1399 223 1445 aue
235 1381 458 1450 communicare,-
471 1379 698 1444 fittamencertb
710 1381 826 1446 veniale
840 1399 876 1444 ex
888 1381 1030 1462 parvitate
1043 1385 1140 1441 mate·

165 1471 232 1545 riae;
247 1469 301 1532 sed
314 1469 340 1533 si
352 1477 437 1533 actus
446 1469 684 1552 multiplicentur
691 1476 721 1532 et
733 1471 969 1551 coniungantur,
979 1469 1140 1530 materiam

166 1577 287 1641 gravem
308 1559 518 1622 constituunt:
535 1567 568 1621 ut
581 1564 682 1622 autem
702 1565 883 1620 censeantur
896 1557 1058 1638 conjungi,
1074 1572 1139 1618 non

166 1647 276 1712 suffieit
289 1648 314 1711 si
329 1647 397 1730 quis
415 1647 603 1729 frequenter,
619 1648 709 1710 etiam
727 1647 921 1729 perlongum
939 1655 1074 1728 tempus,
1089 1661 1139 1705 se·

167 1737 309 1818 iunctim,
325 1737 528 1801 communicet
538 1757 609 1800 cum
621 1737 901 1814 excommunicato,
914 1734 967 1798 sed
976 1734 1141 1815 requiritur

168 1827 249 1911 quod
259 1827 334 1891 tales
346 1828 636 1891 communicationes
650 1827 711 1888 sint
723 1843 869 1888 connexae
883 1842 936 1906 per
951 1821 1140 1904 propositum

169 1917 294 1983 formale
307 1925 359 1983 aut
371 1917 515 1990 virtuale,
532 1933 586 1980 seu
599 1915 684 1998 quasi
703 1933 739 1977 ex
753 1913 856 1977 habitu
871 1914 980 1994 sapius
997 1927 1140 1973 commu·
1253 1909 1255 1916 ’

169 2009 305 2089 nicandi,
319 2007 455 2090 reiqubd
465 2003 897 2070 adciscatexcommunicatum
907 2001 963 2064 sibi
978 2001 1008 2061 in
1022 2000 1142 2062 socium

170 2111 220 2165 aut
232 2101 392 2164 famulum.
409 2097 455 2180 (S.
472 2097 606 2176 Liguor.‚
620 2093 673 2156 lib.
688 2097 726 2170 7,
742 2095 873 2172 n·198.)

209 2193 299 2252 6551.
322 2187 444 2259 Quaerit.
464 2189 496 2246 5⁰
508 2185 652 2254 Quaenam
669 2199 767 2264 poenae
784 2181 977 2244 incurrantur
991 2197 1141 2262 percom-

172 2276 407 2342 municationem
420 2289 491 2334 curn
503 2268 647 2333 vitando?

214 2361 332 2446 (Resp.)
359 2372 561 2440 suppressam
582 2353 682 2416 videri
697 2349 1057 2416 excommunicationem
1076 2347 1135 2408 mi·

173 2471 284 2517 norem
299 2468 371 2533 qua
391 2443 612 2512 incurrebatur
626 2461 683 2526 per
698 2439 1020 2505 communicationem
1038 2433 1135 2496 babi-

174 2553 251 2618 tam,
268 2549 333 2604 tam
347 2534 541 2602 inhumanis
555 2549 653 2615 quam
672 2529 842 2608 indivinis,
858 2545 933 2592 oum
948 2541 1135 2588 excommu-

173 2633 277 2694 nicato
290 2629 491 2693 denuntiato.

213 2719 275 2784 Sed
293 2726 414 2782 serrata
430 2716 489 2780 fuit
504 2709 791 2777 excommunicatio
805 2707 905 2789 major
920 2706 991 2769 tata
1008 2710 1139 2768 senten·

173 2807 223 2873 tiaa
237 2809 268 2870 in
283 2807 410 2870 duobus
418 2797 746 2876 casibus;toQuando
757 2797 893 2861 clericus
901 2795 1038 2858 scienter
1055 2812 1139 2857 oom-

177 2894 313 2960 munioat
334 2890 366 2952 in
389 2887 498 2948 diuinis
524 2903 596 2947 curn
622 2883 886 2945 excommunicato
914 2882 1095 2944 nominatim
1118 2891 1150 2947 et

177 2981 318 3068 expresse
335 2981 352 3040 a
367 2977 459 3057 Papa,
475 2982 505 3037 at
520 2972 712 3048 denuntiata·
728 2977 758 3032 et
779 2969 879 3052 ipsum
896 2967 928 3069 in
946 2968 1053 3032 officiis
1067 2973 1149 3035 reci·
1255 3021 1256 3032 ,

177 3077 231 3161 pit.
248 3078 280 3136 2⁰
290 3071 320 3133 Si
334 3067 403 3150 quis
417 3063 622 3127 communicet
635 3079 707 3124 oum
721 3065 986 3122 excommunicato
1004 3060 1146 3124 nomina·
1255 3099 1256 3108 η

175 3168 230 3231 tim
243 3183 261 3227 a
283 3163 361 3241 Papa
374 3157 407 3218 r'n
421 3154 546 3216 ariarine
559 3151 738 3225 criminoso,
759 3147 786 3212 ei
800 3147 915 3210 scilicet
940 3147 1148 3225 impendendo

176 3255 323 3321 auxilium
335 3247 380 3310 vat
399 3245 543 3308 favorem.
557 3244 601 3304 lta
620 3242 722 3302 Cenat.
742 3235 919 3320 Apostob‘ec’
936 3233 1024 3296 Sedis
1036 3237 1080 3298 Pii
1092 3240 1147 3316 IX,

177 3344 217 3407 nt·
229 3343 295 3405 xvl
312 3343 342 3401 et
362 3336 452 3410 XVII,
472 3331 499 3394 vi
514 3329 602 3408 cujus
619 3329 736 3389 Sancta
756 3324 826 3387 Sedi
845 3323 943 3386 amba
969 3321 1147 3402 hujusmodi

176 3425 505 3499 excommunicationes
527 3417 705 3499 simpliciter
728 3421 930 3477 reservantur.
955 3413 1023 3474 Non
1051 3412 1144 3492 igitur

177 3520 307 3600 amptius
334 3516 480 3593 maiorem
507 3507 852 3572 excommunicationem
884 3501 955 3564 lata
987 3503 1144 3568 sententiaa

178 3605 303 3670 incurrit
316 3620 417 3665 omma
434 3601 485 3682 qui
499 3597 627 3660 scienter
644 3593 848 3656 communicat
860 3607 933 3652 cuin
947 3607 1145 3672 quocumque

180 3689 440 3757 excommunicato
453 3685 574 3748 vitando
591 3682 761 3742 incrimine
777 3679 948 3751 criminoso,
963 3681 1051 3754 prout
1070 3677 1145 3740 oiim
