2526 3988
434 267 520 316 blatta
539 267 672 314 nauus.
1004 255 1037 312 Η

65 397 79 433 ι
102 369 272 456 ρειοιιειίι
286 370 318 432 in
332 374 363 431 te
384 366 570 446 interludo,
586 367 661 428 vade
680 371 710 428 et
731 365 849 448 corripe
873 383 945 430 eum
965 364 1043 428 inter

66 487 80 524 a
103 469 134 524 tc
148 469 178 524 et
192 463 293 542 ipsurn
307 457 428 534 solum3
444 456 468 519 si
483 463 512 519 te
525 456 673 529 audierit,
690 455 822 518 lucratus
839 457 899 518 eris
920 454 1042 518 fratrem

68 575 81 610 a
104 557 212 627 tuum3
236 550 262 611 ei
282 555 385 612 autern
404 553 435 609 te
457 563 518 608 non
540 545 684 624 audierit,
708 544 817 609 adhibe
830 550 932 608 tecum
944 545 1045 608 adhuc

68 665 82 700 o
106 658 207 704 unum
219 638 265 700 vel
280 637 370 714 duos,
385 643 420 698 ιιι
432 635 464 698 in
478 655 530 698 ore
543 636 674 699 duorum
688 635 735 698 vel
747 633 840 698 trium
854 635 975 698 testium
988 639 1045 698 stet

69 753 84 791 a
107 748 201 793 omne
214 726 360 802 verbum;
376 723 492 806 quodsi
503 743 564 788 non
579 725 707 787 audierit
719 742 790 804 eos,
815 721 866 786 dic
883 723 1043 802 Ecclesiae3

69 841 85 880 a
109 819 134 881 si
145 825 249 880 autem
263 814 430 879 Ecclesiam
443 831 505 876 non
520 813 648 876 audierit
657 814 694 876 sit
707 813 761 876 tibi
775 813 852 877 siout
866 813 1004 876 ethnicus
1017 819 1045 876 et

70 933 85 969 a
108 907 302 990 publicanus.
320 903 418 966 lmen
431 903 500 966 dico
513 903 597 968 robis
614 923 621 964 :
638 907 843 986 Quaecumque
856 901 1045 983 alligaveritis

70 1023 84 1057 a
110 999 456 1078 superterrenorum
478 992 568 1074 ligata
587 993 662 1054 etin
682 993 778 1070 eoelo;
800 998 830 1054 et
845 1008 1048 1074 quaecumque

71 1109 85 1147 r
110 1085 262 1149 solveritis
275 1101 366 1165 super
379 1088 489 1145 terram
504 1130 512 1159 ,
528 1087 617 1144 erunt
628 1081 724 1144 soluta
738 1085 769 1144 et
781 1082 813 1143 in
827 1081 915 1144 coelo.
930 1102 947 1140 a

111 1177 158 1238 Ex
171 1173 260 1236 dietis
274 1173 305 1234 in
319 1171 378 1234 hoc
390 1177 485 1249 textu,
501 1176 621 1252 peccata
635 1169 742 1233 deferri
758 1177 885 1253 possum
897 1175 928 1231 et
939 1167 1049 1232 debent

71 1282 177 1330 eoram
190 1261 326 1324 Ecclesia
338 1260 488 1323 intellecta
506 1260 536 1322 in
551 1277 642 1322 sensu
660 1259 831 1340 judaeorum
848 1259 953 1341 quales
965 1265 1052 1322 erant

74 1351 232 1436 Apostoli,
245 1357 275 1412 et
287 1355 379 1412 uotae
392 1349 575 1412 auctoritatis
590 1355 636 1410 est
651 1348 795 1412 Eoolesiae
806 1349 954 1411 sententia
967 1355 1000 1410 ut
1013 1349 1051 1410 ab

73 1445 140 1526 ipsa
160 1441 295 1503 damnati
311 1446 456 1520 tanquam
477 1438 589 1520 peponi
602 1445 631 1500 et
646 1437 821 1520 publicani,
840 1456 916 1520 quos
927 1437 1052 1516 judaeib

74 1533 238 1613 synagoga
258 1547 313 1591 seu
333 1527 459 1590 ecclesia
479 1531 533 1589 sud
547 1526 726 1606 ejiciebant,
742 1526 845 1590 haberi
858 1526 1000 1606 debeam,
1016 1545 1052 1589 ac

75 1619 205 1703 proinde
236 1623 270 1680 ut
295 1615 548 1679 exeommunicati
565 1635 574 1692 ;
608 1615 743 1698 talesque
777 1617 934 1678 sententiae
968 1616 1053 1697 J‘uxta

75 1709 285 1786 Christiane
307 1707 370 1768 Deo
392 1703 578 1768 ratificantur
596 1707 627 1768 in
648 1706 725 1769 coelo
746 1706 844 1768 statim
864 1723 899 1768 ae
919 1707 951 1768 in
974 1709 1054 1768 terra

77 1797 294 1882 proferuntur:
310 1795 364 1857 sed
376 1795 442 1857 lraee
462 1795 572 1856 iterum
590 1795 720 1876 probant
732 1794 872 1858 Ecclesiae
892 1794 991 1859 inesse
1002 1815 1053 1858 ve-

78 1905 144 1950 ram
157 1905 194 1948 ac
208 1883 328 1967 proprie
341 1884 453 1948 dictam
473 1888 650 1965 potestatem
662 1883 863 1965 iudiciariam.
879 1887 980 1968 Ergo,
995 1891 1052 1948 etc.

81 1975 156 2038 Vide
170 1975 293 2051 Devoti,
308 1973 360 2034 lib.
376 1975 411 2050 3,
425 1973 470 2034 tit.
484 1976 498 2034 l
512 2019 520 2049 ,
535 1971 596 2052 §t

123 2067 210 2126 star.
227 2063 375 2126 Probatur
388 2065 420 2123 2⁰
438 2061 464 2124 T
461 2060 607 2123 reditione
620 2068 650 2123 et
661 2062 755 2142 praui
768 2061 919 2124 Ecclesiae.
935 2063 1057 2143 Legitur

85 2153 115 2214 in
130 2151 324 2234 Apologetict
345 2149 538 2228 Tertulliani,
560 2168 626 2232 cap.
643 2153 682 2212 39
696 2151 789 2229 (anno
801 2151 874 2232 202)
889 2169 897 2212 ε
915 2151 1057 2218 olbidem

83 2265 98 2300 a
122 2239 1056 2323 (inEcclesia)etiamexhcrteticnas,rustr'putienes,eteensura

83 2355 99 2390 a
122 2330 250 2405 dioa’nu,·
264 2345 335 2391 nam
349 2334 379 2390 et
389 2327 548 2410 judicatur
566 2347 670 2410 meque
684 2349 750 2390 eum
767 2329 905 2412 pandere,
925 2338 959 2394 ut
978 2332 1057 2414 apud

83 2443 98 2478 a
123 2425 222 2481 certos
241 2417 280 2480 de
306 2417 361 2478 liei
389 2423 578 2497 conspectu:
598 2435 814 2500 summumque
837 2418 929 2483 futuri
953 2421 1058 2499 judicii

84 2531 99 2566 a
124 2505 336 2588 prejudicium
350 2511 412 2578 est,
428 2505 534 2586 siquis
548 2504 587 2567 ita
600 2505 778 2587 deliquerit,
794 2510 856 2570 ute
869 2509 1058 2571 eomurunieu-

85 2619 100 2654 a
126 2595 206 2656 tione
228 2594 374 2656 orationis
394 2602 424 2656 et
445 2595 596 2656 effluentis
615 2601 645 2656 et
666 2595 874 2657 omniasancti
895 2595 1058 2658 commercii

84 2685 284 2764 arelepetua
309 2704 324 2742 o
359 2681 416 2748 Ubi
436 2681 601 2744 affirmatur
629 2676 733 2746 adesse
752 2685 972 2765 eostipctienes,
998 2705 1059 2749 eea·

85 2791 187 2834 euram
211 2772 363 2850 divinam,
389 2769 519 2854 taliaque
534 2771 652 2854 judicia
674 2791 742 2855 quc
765 2773 828 2835 sint
852 2775 1059 2858 praejudicium

86 2860 189 2944 firturr'
200 2859 313 2942 judieii
335 2861 366 2922 in
388 2861 499 2942 quibus
520 2860 730 2942 delinquentes
749 2861 788 2924 ab
809 2865 958 2944 creticae,
981 2865 1058 2928 amai

86 2957 231 3013 conuento
246 2957 275 3010 et
291 2955 389 3011 saneto
408 2950 576 3012 summm
595 2952 773 3034 relocantur,
795 2953 836 3015 ihi
854 2955 936 3017 certe
956 2954 1060 3018 adesse

88 3037 257 3102 affirmatur
271 3037 369 3100 lorum
392 3045 551 3100 externum
572 3046 602 3103 et
621 3047 751 3122 potestas
761 3042 919 3122 judiciarie
941 3044 1060 3126 proprie

88 3127 181 3190 dicta.
195 3127 287 3207 Ergo,
299 3143 381 3188 anno
394 3130 464 3200 aba,
473 3133 536 3189 eret
550 3127 580 3190 in
590 3129 723 3192 Ecclesia
737 3129 836 3193 iorum
850 3140 1010 3196 externum
1023 3132 1060 3196 ad

90 3215 292 3279 exercendam
307 3215 427 3298 proprie
440 3215 551 3278 dictam
562 3217 752 3296 judiciariam
766 3225 954 3302 potestatem.

133 3307 223 3366 Anno
236 3306 307 3366 verb
320 3309 378 3367 ιιι
389 3351 398 3381 ,
411 3305 449 3367 de
471 3305 586 3368 Privato
603 3306 743 3370 haeretico
762 3309 806 3372 sic
827 3309 865 3371 ad
890 3310 1060 3374 Cornelium

90 3395 205 3476 Papam
216 3393 366 3456 scribebat
378 3395 410 3456 S.
425 3395 613 3476 Cyprianus:
630 3417 645 3456 a
660 3399 693 3458 ln
704 3397 910 3460 Lambesitand
924 3399 1060 3480 colonid,

92 3507 107 3544 a
132 3485 203 3546 ante
224 3483 336 3546 rnultoe
357 3483 420 3544 lere
443 3501 563 3561 annos,
587 3485 627 3546 cb
651 3486 794 3548 multaret
817 3487 916 3567 gravia
938 3487 1061 3568 delicta,

93 3595 109 3634 a
133 3572 300 3654 nonaginta
310 3571 528 3654 Episcoporuru
549 3575 696 3636 sententia
712 3574 941 3640 condemnatus.
956 3599 972 3638 a
990 3580 1062 3642 Pes·

94 3667 141 3722 tea
154 3659 193 3722 de
206 3661 316 3722 lorino
330 3667 360 3722 et
377 3661 510 3724 Maximo
527 3663 579 3728 eui
592 3663 709 3728 Privato
723 3662 925 3746 adhererent,
937 3667 981 3726 cic
994 3683 1061 3742 pro-
1084 3735 1085 3740 ἵ
