2462 3984
397 176 482 223 arsen
501 173 633 225 annuus.
955 149 994 213 ⁹³

42 277 127 340 dorici
150 285 248 340 tamen
270 277 362 342 sacris
380 273 533 339 constituti
549 277 684 354 ¹possunt
701 270 804 350 iurare
823 273 902 332 tecto
922 283 995 350 pec

43 366 179 431 torctide
204 367 315 443 Roubr,
330 367 375 430 De
390 363 488 428 dudio.
503 410 512 442 ‚
527 355 602 424 tom.
620 365 649 436 i,
665 380 696 442 p.
711 362 789 439 313,
810 365 889 434 etc.;
906 356 937 420 S.
951 354 996 418 Li·

40 475 125 536 gnon,
139 456 189 518 lib.
205 463 236 536 i,
252 467 288 518 n⁰
301 458 375 532 ew
392 454 508 530 baroti,
522 451 567 513 Dr
580 449 692 528 tatic,
707 449 751 512 tit.
768 453 797 524 7,
813 447 831 529 §
844 452 873 510 3.

72 546 183 618 Quoties
190 545 293 627 jurare
307 543 423 626 etquid
435 545 538 624 Jurare
550 539 681 602 debeant
697 545 786 601 testes
800 537 868 602 ride
881 535 995 598 dictum

40 635 105 716 apud
126 633 391 718 Scbmalzg'rucber
411 629 575 696 abeodem
596 631 632 690 D.
662 625 759 690 Bouix
779 627 907 690 relatum
928 624 994 706 (ib,

40 740 64 784 o.
77 727 151 790 diii.

72 818 113 878 tn
132 819 161 880 et
179 814 253 898 quid
279 815 409 896 probent
432 820 523 887 testes
541 811 597 876 sibi
615 809 661 875 rei
676 807 743 873 eiiis
757 803 910 874 contrarii,
928 800 1000 866 vido

38 905 203 985 explicatum
224 905 310 986 apud
333 905 426 970 Rouix
451 903 577 987 (itidp.
600 898 777 980 tiberem
799 897 833 958 S.
860 892 998 974 leignon,

39 993 82 1055 lib.
98 1000 126 1064 t.
143 995 181 1056 n⁵⁸
197 997 270 1070 258,
286 999 348 1059 260

70 1088 150 1148 5722.
172 1086 298 1160 Quaerit.
320 1087 352 1153 3?
374 1085 518 1157 Ouaenam
536 1077 728 1162 exceptiones
748 1075 862 1159 opponi
882 1074 998 1138 valeant
1061 1145 1064 1148 ,

40 1180 127 1239 contra
146 1180 249 1254 testes,
265 1181 298 1240 et
317 1172 391 1257 quid
414 1189 503 1254 agere
524 1169 631 1234 debeat
649 1166 742 1249 judex
757 1163 880 1248 quondo
902 1161 997 1248 oppo-

41 1267 158 1330 nuntur?
458 1305 462 1314 .
565 1283 566 1287 ¹
722 1307 725 1314 .

71 1357 152 1438 Resp.
172 1357 197 1420 1.
222 1354 344 1438 Oppnni
362 1369 451 1435 posse
474 1353 506 1412 i·
524 1347 608 1432 qudd
631 1365 693 1409 non
720 1344 781 1408 sint
809 1343 847 1408 de
871 1362 997 1407 numero
1094 1387 1098 1394 .

39 1461 129 1508 corum
146 1447 198 1528 qui
213 1446 252 1510 ad
265 1439 490 1508 testificandum
504 1445 574 1502 sunt
595 1435 722 1512 babiles3
747 1439 780 1497 2⁰
802 1433 883 1516 qudd
905 1433 997 1496 auditi

41 1542 98 1596 sunt
108 1553 167 1600 non
176 1535 311 1620 prmstito
323 1534 511 1614 iuramento,
521 1527 568 1590 vei
583 1544 645 1589 non
659 1523 786 1588 seorsim
803 1521 927 1605 singuli,
938 1529 995 1585 etc.

42 1622 102 1686 Vide
114 1625 184 1688 aiias
204 1625 400 1707 exceptiones
419 1616 500 1702 apud
519 1612 821 1697 Scbmalzgrueberd
842 1605 878 1674 D.
902 1611 997 1674 Bouix

40 1710 231 1796 retatumtr'd„
246 1733 281 1798 p.
298 1711 383 1792 31⁵1).
703 1717 706 1723 '
756 1727 760 1734 ·
931 1711 935 1721 ’

74 1807 153 1869 5723.
168 1839 208 1860 -.-
225 1805 264 1868 11.
285 1800 489 1884 ‘Exceptioncs
510 1801 614 1861 contra
632 1798 725 1859 testes
747 1791 912 1875 opposite,
936 1809 998 1854 non

42 1891 191 1975 inpediunt
203 1891 360 1958 ordinarie
372 1907 479 1954 corum
494 1885 698 1968 receptionem
708 1887 872 1945 etenamen
884 1901 891 1954 ;
902 1885 1000 1962 potest

44 1984 113 2044 enim
124 1985 210 2064 iudex
230 1981 356 2046 differre
374 1975 525 2061 iudicium
544 1974 583 2036 de
601 1973 722 2034 iliarum
741 1969 841 2032 valore
859 1968 930 2051 quia
943 1968 1001 2030 sor·
1025 1993 1029 1998 ·

46 2076 111 2135 tasse
122 2075 148 2136 in
158 2083 323 2157 progressu
337 2070 396 2132 litis
407 2065 534 2150 liquebit
544 2060 637 2146 qudd,
654 2055 716 2122 non
730 2058 866 2120 obstante
879 2056 1001 2140 testium
1107 2074 1113 2082 ·

45 2160 226 2245 inhabilitate,
236 2166 340 2247 posset
350 2157 442 2240 iudex
456 2173 492 2218 ex
502 2152 569 2216 aliis
582 2147 810 2233 probationibus
823 2145 1002 2208 sententiam

43 2253 159 2332 proicere
173 2273 181 2316 ε
196 2249 348 2333 excipitur
360 2253 462 2310 tamon
478 2248 510 2306 1⁰
523 2241 547 2305 si
560 2238 696 2303 deiectus
713 2236 798 2299 testis
815 2235 852 2298 sit
867 2235 1002 2298 notorius

44 2352 80 2403 rat
99 2344 192 2407 statim
211 2345 316 2428 posset
339 2335 487 2420 probari:
511 2348 578 2414 cap.
603 2329 659 2393 Ea:
682 2335 770 2412 parte
792 2330 832 2405 ⁵1,
860 2323 896 2388 de
918 2323 1001 2386 testi-

45 2429 86 2493 iur
96 2441 124 2494 et
140 2439 261 2508 attest.;
284 2427 318 2490 2⁰
334 2428 360 2489 si
374 2422 533 2506 objiciatur
547 2419 633 2482 iilum
647 2435 712 2481 esse
726 2415 885 2497 capitalem
900 2413 1001 2474 inimi·

45 2537 104 2583 curn
123 2525 185 2605 eius
207 2521 352 2585 adversus
365 2531 458 2597 quem
482 2507 656 2573 testificatur
675 2503 828 2584 (butbent.
851 2502 889 2565 si
909 2502 1001 2580 testis,

45 2629 99 2692 cap.
114 2613 147 2677 de
171 2609 316 2686 Truthus,
330 2606 348 2687 5
363 2603 402 2667 Si
423 2601 521 2678 oerd);
539 2601 571 2661 3⁰
595 2597 619 2658 si
634 2594 791 2674 objiciatur
813 2597 921 2654 testem
938 2607 1004 2654 csse

47 2701 325 2766 excommunicatum
339 2697 417 2777 (cap.
434 2691 489 2754 Pia
500 2694 531 2766 2,
546 2685 582 2750 dc
597 2685 738 2766 Except,
754 2682 784 2744 in
794 2685 848 2760 6⁰).

78 2797 158 2854 5724.
181 2785 305 2865 Quaerit.
320 2790 354 2849 d·
369 2778 528 2856 Quomodo
541 2771 723 2859 reprobandi
740 2771 801 2835 sint
813 2768 925 2834 testes?

79 2882 160 2965 itesp.
173 2879 252 2944 Vide
265 2877 324 2940 hoo
341 2873 524 2957 explicatum
543 2863 624 2948 opud
640 2861 733 2926 Bouix
755 2860 825 2940 (ib,
841 2879 871 2941 p.
896 2861 956 2922 318
976 2864 1006 2922 et

48 2973 115 3048 3t9);
130 2970 255 3035 sufficiat
269 2973 372 3030 notare
385 2961 476 3024 verbe
489 2954 615 3020 Honorii
629 2954 667 3015 lii
680 2951 712 3014 in
727 2968 794 3032 cap.
809 2949 893 3013 Licet
905 2953 956 3026 49,
971 2947 1006 3010 de

51 3068 150 3124 tentet
168 3065 282 3137 artent,
303 3052 483 3118 ubidicitur
503 3065 511 3108 ε
536 3041 744 3108 obtundamus
764 3047 913 3122 quatenus
933 3037 1006 3100 reci·

51 3169 63 3208 r
83 3151 161 3232 piatis
178 3157 269 3214 testes
282 3163 360 3229 quos
379 3147 484 3206 contre
497 3150 641 3220 personas
659 3131 771 3213 (antea)
791 3127 1007 3211 productorum

52 3261 63 3298 r
84 3242 219 3322 (testium)
233 3253 325 3319 super
338 3227 496 3317 principati
510 3224 631 3306 negotio
640 3227 739 3304 partes
747 3218 888 3282 duxerint
901 3213 1006 3298 produ·

53 3351 66 3387 r
85 3329 189 3394 candos
203 3349 211 3391 :
227 3325 343 3410 quossi
362 3337 468 3386 rursus
482 3333 551 3399 pars
565 3313 656 3376 attere
674 3309 720 3374 vei
740 3316 869 3390 utraque
882 3303 1009 3367 voluerit

53 3440 66 3478 ι
86 3419 254 3502 reprobare,
273 3419 378 3478 contra
385 3427 438 3474 eos
447 3403 639 3489 probationes
653 3399 808 3463 admittere
822 3393 989 3478 procuratis
999 3419 1015 3468 ,¹

56 3530 69 3568 r
88 3511 123 3572 ite
131 3507 210 3592 qudd
218 3507 296 3572 ultra
305 3521 369 3567 non
376 3500 466 3563 liceat
475 3493 610 3577 pertibus
619 3489 657 3553 ad
666 3485 875 3571 probationem
888 3483 1008 3547 testium

57 3619 70 3658 ι
89 3599 211 3678 aspirare
227 3617 235 3660 ι
250 3593 328 3660 nesi
342 3584 528 3674 producendi
542 3581 778 3664 quertcscontra
792 3573 912 3652 tertios,
927 3575 1009 3638 etsie
