2462 3984
391 230 476 276 usta
496 231 628 280 Tanatus,

438 437 518 502 ART.
537 437 581 502 lV.

339 600 377 647 ll!
397 600 686 650 l‘llAESlllll’l'llllllllllS.

64 791 150 853 5737.
171 823 214 837 -
233 789 261 852 l.
284 786 483 869 Praesumptio
501 792 547 850 est
558 788 732 868 conjectura
745 807 782 851 ex
796 787 898 873 aliquo
912 792 999 874 signo

30 878 69 940 rel
83 877 193 942 indicio
213 883 283 941 orta
301 883 332 940 ct
344 875 528 960 probationis
549 877 616 940 loco
629 875 784 958 allegata,
800 883 882 943 auls
898 883 1000 960 judice

30 973 174 1050 asumpta
185 966 227 1030 ad
242 965 438 1030 astruendam
452 964 495 1027 rei
509 963 610 1028 dubiae
625 965 728 1028 odem.

63 1056 210 1120 Indicium
226 1061 329 1120 autem
351 1060 398 1118 est
420 1053 551 1117 notabile
565 1054 688 1136 signum
702 1055 828 1136 alicujus
842 1056 941 1120 delicti
955 1055 1001 1122 vel

30 1143 140 1208 ulterius
150 1145 194 1208 rei
209 1145 252 1208 de
270 1145 331 1226 qut
344 1142 515 1219 dubitatur,
531 1143 569 1205 ad
589 1145 742 1206 veritatem
757 1147 1000 1228 cognoscendam

32 1232 197 1297 inserviens.
213 1232 365 1296 Dividitur
380 1235 411 1295 1⁰
428 1232 460 1294 in
469 1231 592 1316 plenum
605 1250 659 1295 seu
677 1229 853 1312 indubium,
872 1243 901 1299 el
913 1238 1000 1300 semi·

28 1321 136 1403 plenam
156 1341 214 1386 seu
228 1322 378 1400 dubinm3
402 1325 436 1385 2⁰
449 1322 481 1384 in
492 1321 663 1405 proximum
682 1327 712 1386 ct
731 1332 893 1396 remotum,-
914 1329 948 1390 3⁰
969 1327 1000 1390 in

30 1412 90 1484 lere,
104 1432 207 1494 prone,
224 1418 257 1476 et
268 1411 476 1494 pravissimam
487 1428 540 1474 sen
552 1410 723 1491 indubium,
739 1431 807 1495 quae
817 1414 920 1478 omnia
930 1417 1002 1480 satis
1100 1435 1103 1442 ⁴

31 1499 235 1584 intelliguntur
247 1519 285 1564 ex
294 1519 401 1565 eorum
415 1501 631 1564 enuntiatione.

65 1594 150 1656 5738.
175 1591 380 1673 Praesumptio
394 1595 496 1653 antem
509 1587 637 1652 differta
652 1589 773 1656 fictione
782 1592 871 1673 juris.

65 1681 155 1744 Fictio
168 1681 246 1744 vero
258 1681 335 1761 juris
346 1684 392 1742 est
405 1677 720 1742 indubitataelalsitatis
733 1683 899 1764 assumptio
908 1683 946 1745 ad
960 1684 1001 1746 in·
1053 1747 1055 1750 .

32 1767 196 1835 ducendum
211 1789 252 1835 ex
270 1771 349 1851 justa
363 1772 454 1831 causlt
468 1768 600 1850 aliquem
618 1766 759 1834 effectum
774 1771 904 1853 aequitati
918 1779 1001 1836 nutu·

33 1857 80 1920 rali
94 1879 154 1922 non
168 1864 406 1943 repugnantem.
423 1857 474 1920 Sic
487 1875 524 1921 ex
539 1857 660 1921 fictione
671 1859 747 1938 juris
762 1867 850 1922 nctus
863 1868 1002 1925 censetur

34 1947 81 2028 qui
93 1947 190 2014 adhuc
211 1950 247 2012 in
265 1954 353 2012 utero
373 1947 486 2026 existit,
501 1947 526 2009 si
546 1945 585 2009 da
604 1947 684 2009 illius
703 1947 865 2011 commodo
884 1957 1000 2031 agatur.

36 2037 103 2099 ltem
116 2040 276 2122 religiosus
289 2045 421 2100 mortuus
434 2041 590 2119 reputatur
604 2034 704 2116 quoad
718 2041 895 2118 potestatem
906 2046 1003 2108 certos
1084 2051 1087 2056 '

36 2131 111 2190 actus
129 2129 233 2192 civiles
256 2127 428 2191 exercendi.
453 2129 499 2188 Ex
526 2127 585 2206 qut
607 2124 722 2186 ratione
740 2125 810 2188 satis
829 2131 910 2207 patet
929 2146 1003 2209 prae-
1091 2178 1097 2190 .

34 2219 231 2299 sumptionem
245 2219 262 2280 a
277 2215 398 2302 fictione
410 2215 486 2296 juris
494 2213 625 2277 differre.
642 2215 678 2276 V.
689 2215 783 2276 Bouix
799 2214 865 2295 lib„
876 2235 907 2298 p.
920 2221 1000 2298 326).

68 2309 153 2370 5739.
177 2343 220 2356 -
241 2308 278 2369 ll.
302 2303 500 2386 Praesumptio
527 2309 623 2384 potest
646 2321 711 2366 esso
734 2303 860 2366 luminis
880 2308 1002 2387 quando
1104 2311 1107 2320 ’

34 2396 198 2474 conjectura
212 2397 231 2459 a
246 2395 330 2458 nullo
337 2395 405 2474 jure
419 2392 573 2469 firmatur,
589 2393 817 2474 sedconcipitur
827 2394 865 2456 ab
879 2394 1002 2460 homino

33 2500 65 2543 ex
76 2485 144 2548 lacti
156 2485 302 2569 qualitate
316 2491 345 2546 et
358 2481 591 2546 circumstantiis
601 2479 699 2544 donoc
714 2482 901 2546 contrarium
915 2503 1003 2566 appa-

35 2579 99 2635 reat.
121 2575 226 2638 Potest
246 2574 337 2636 etiam
358 2591 424 2635 esse
437 2571 522 2654 juris
546 2569 670 2651 quando
694 2588 803 2650 nempe
825 2571 941 2652 legibus
959 2579 1001 2636 est

35 2679 167 2743 expressa
184 2683 192 2726 ε
208 2669 239 2726 et
252 2669 298 2726 cst
309 2661 432 2744 quidem
441 2659 525 2742 jon‘s
541 2661 655 2720 laistim
678 2658 800 2740 quando
809 2659 859 2739 jus
876 2659 1004 2723 admittit

36 2752 240 2830 probationem
258 2753 291 2815 in
312 2751 515 2827 contrarium,
536 2747 583 2812 vel
597 2747 682 2830 juria
702 2755 731 2811 et
748 2746 864 2830 dejure
881 2751 1003 2832 quando

36 2837 76 2902 lex
89 2844 128 2906 ita
141 2841 257 2927 aliquid
272 2860 328 2925 pro
337 2859 409 2905 vero
420 2839 482 2905 vult
496 2837 600 2902 haberi
615 2845 649 2902 ut
662 2837 839 2919 regulariter
852 2841 1002 2922 probatio·

37 2947 101 2994 nam
123 2934 157 2996 in
179 2931 364 2996 contrarium
384 2948 447 2993 non
470 2928 616 2992 admittat.
641 2927 690 2992 Sic
709 2946 747 2990 ex
768 2932 1002 3012 presumptione

38 3019 103 3102 juris
120 3023 241 3086 tantlrm
271 3021 436 3103 baptizatus
455 3018 635 3095 aestimalur,
654 3016 707 3099 qui
725 3018 803 3082 inter
825 3017 1002 3083 christianos

39 3107 604 3194 natuseslatquceducatus:capultim
617 3104 999 3190 depreslyterooonloptiz.

39 3199 106 3263 l'idc
118 3202 221 3282 plnres
234 3200 335 3264 aliasa
349 3201 491 3282 Loqueux
505 3203 695 3260 enumeratas
709 3209 742 3259 ηο
755 3200 831 3258 ltin
845 3199 886 3274 (3¹
901 3196 999 3278 edit).

40 3286 78 3352 Ex
96 3292 329 3374 praesumptione
346 3285 541 3372 antemjcria
562 3292 592 3348 et
605 3283 723 3368 dejure
739 3285 848 3348 mulier
861 3302 929 3366 qnae
948 3303 1002 3366 per

45 3399 142 3445 nonum
161 3388 194 3444 et
213 3378 374 3444 dimidium
395 3379 560 3460 spontanee
577 3374 756 3438 cohabitavit
773 3389 844 3436 curn
865 3372 928 3435 viro
951 3375 998 3438 oui

40 3475 139 3548 coapta
150 3474 309 3552 nupserat,
323 3464 516 3552 presumitur
527 3464 560 3528 in
572 3463 646 3527 illud
659 3461 847 3527 consensisse
859 3460 935 3545 (cap.
951 3465 1002 3528 Ad

42 3553 70 3615 ld
80 3560 132 3636 al,
146 3557 181 3623 de
194 3555 401 3642 sponsalibus).

77 3643 518 3731 saso.·1u.l²raesumptioii
535 3645 574 3710 sil
585 3641 701 3727 dejure
715 3641 839 3717 lantum,
854 3659 924 3704 eum
945 3662 999 3722 pro

748 3783 750 3788 Α
816 3743 858 3800 ³¹·
