2462 3984
194 237 251 296 tol
412 245 547 291 rrnunmn
567 243 667 288 rorrus
688 239 770 289 urars
790 235 939 284 canorum.

193 347 283 410 hodie
293 345 358 410 haec
367 344 512 426 legislatio
522 341 612 406 luerit
620 336 812 416 revocata,ad
820 333 1162 417 juscornmuneteltcte

96 481 99 488 ·
197 436 308 500 reducti
324 453 440 498 sumus.

237 511 1166 595 Anobishlcestdisserendumderariisministristluriaelipis·

197 615 323 697 capalis3
339 613 392 676 sed
405 614 476 676 edm
486 613 547 694 jam
557 611 628 673 satis
637 605 813 671 diximusde
823 603 1008 668 officialibus
1018 603 1164 667 seullica·

197 705 250 766 riis
259 701 454 767 Generalibus
467 703 675 779 (tiso-ltus),
690 702 826 778 superest
837 701 869 758 ut
879 694 997 757 tantdm
1010 691 1166 775 loquamur

109 795 113 804 '
172 817 177 826 ·
197 792 235 855 de
249 791 440 856 tutioribus
453 789 697 854 etdssessoribus
710 785 868 848 Curiorum
881 782 1121 866 Episcopnlium,
1133 779 1166 843 de

63 943 65 946 .
199 885 373 966 Promotore
387 887 417 944 et
431 879 581 943 Advocato
594 877 671 955 lisei,
686 875 724 938 de
739 875 861 938 notariis
877 879 907 938 et
920 871 1119 950 cancellariis,
1132 870 1165 934 de

90 1007 91 1010 =
202 969 599 1038 Procuratoreetsdvoento
617 982 806 1050 pauperum,
819 963 858 1027 de
873 961 1050 1026 cursoribus
1062 966 1094 1024 at
1105 959 1166 1043 qui·

200 1060 327 1126 busdam
342 1059 418 1124 aliis.

619 1213 703 1279 altr.
725 1213 747 1282 1.

354 1359 393 1408 mr
412 1359 606 1407 anurronrnus
626 1357 781 1407 cunrnnmr
803 1357 1028 1408 anseorammr.

74 1555 91 1596 3
243 1514 333 1575 5758.
348 1509 483 1592 Duplicis
497 1509 616 1592 generis
626 1516 697 1572 sunt
709 1508 868 1572 Auditores
883 1529 894 1571 .·
907 1509 957 1571 alii
971 1507 1096 1592 quidem
1110 1518 1172 1574 sunt

73 1655 77 1662 ,
202 1601 264 1668 veri
278 1607 308 1664 et
321 1599 441 1682 proprie
454 1598 523 1661 dicti
532 1597 667 1678 iudices,
684 1605 715 1662 et
727 1599 802 1662 tales
815 1604 886 1661 sunt
901 1597 1032 1662 Auditor
1047 1599 1173 1666 Camere
1224 1681 1225 1686 ἵ

203 1690 388 1773 Apostolr'coe,
399 1695 429 1753 et
438 1688 596 1752 Audr'tores
606 1689 713 1764 Rotre;
724 1688 791 1752 ethi
803 1707 864 1752 non
878 1687 1172 1752 suntAudr'torernisi

204 1780 370 1861 improprio
389 1795 491 1842 sensu.
517 1777 674 1840 auditores
696 1783 798 1842 autem
820 1775 1130 1860 Arcbiepiscopalium
1149 1787 1172 1842 et
1224 1845 1225 1862 2

205 1869 428 1952 Episcopalium
454 1867 628 1944 Curiorum,
650 1867 702 1948 qui
728 1867 758 1928 in
787 1868 888 1930 stricto
912 1885 1004 1930 sensu
1024 1866 1174 1932 duditores

21 1963 23 1970 '
99 2031 103 2042 Ι
205 1965 276 2021 sunt
287 1957 294 2035 ,'
305 1958 502 2021 essentialiter
515 1955 656 2018 differunt
667 1957 685 2018 d
696 1955 849 2036 iudicibus
859 1955 1034 2036 ordinariis,
1047 1959 1173 2041 ipsisque

205 2047 251 2110 vel
274 2054 333 2110 tota
355 2065 461 2125 cause,
482 2046 528 2108 vel
555 2052 654 2109 certus
676 2061 774 2109 causa
795 2045 939 2108 articulus
960 2047 1173 2110 examinandus

109 2167 115 2220 g
205 2137 413 2214 summittitur,
425 2151 465 2199 ‘co
479 2133 558 2212 une,
574 2141 607 2196 ut
620 2140 688 2216 post
704 2133 834 2216 diligens
854 2153 998 2213 examen,
1014 2142 1113 2200 toturn
1127 2156 1172 2200 ne·

207 2227 322 2308 gotium
334 2223 428 2304 judici
447 2229 610 2304 exponant,
624 2222 828 2286 decidendum
848 2224 887 2287 ab
901 2223 951 2287 illo
964 2223 1172 2309 relinquentes.

208 2314 366 2376 Auditores
383 2311 554 2392 hujusmodi
566 2312 617 2390 jus
630 2311 754 2392 quidem
774 2313 887 2376 babent
903 2331 968 2376 rem
982 2334 1168 2396 cognoscere,

207 2403 247 2465 ita
261 2409 293 2465 ut
306 2409 405 2484 partes
420 2401 521 2478 citare,
537 2407 626 2463 testes
639 2408 669 2465 et
686 2403 877 2484 probationes
890 2403 1046 2476 admittere
1054 2409 1172 2488 possint,

207 2491 260 2554 sed
271 2493 322 2572 jus
336 2509 397 2554 non
409 2489 520 2552 babent
533 2491 713 2553 sententium
724 2490 856 2570 terendi,
869 2492 925 2554 nisi
940 2491 998 2556 hoc
1008 2493 1081 2576 ipsis
1096 2496 1175 2560 luerit

207 2581 374 2664 specialiter
392 2597 570 2642 concessum
587 2599 594 2641 :
611 2579 692 2642 unde
714 2579 923 2644 referendariis
940 2581 993 2663 qui
1013 2583 1045 2644 in
1060 2587 1173 2667 majori·

186 2671 266 2732 -bus
292 2667 495 2732 tribunalibus
519 2669 690 2751 principum
712 2669 905 2748 adhibentur,
926 2671 1101 2737 consimiles
1117 2693 1174 2738 esse

209 2759 358 2822 videntur.

248 2853 338 2912 5759.
361 2847 472 2912 Nullibi
487 2849 519 2910 in
535 2850 602 2928 J'ure
621 2847 753 2913 sancitur
770 2847 852 2932 qudd
870 2849 1010 2933 Episcopi
1031 2858 1062 2916 et
1084 2853 1175 2916 Archi·

209 2938 342 3020 episcopi
365 2937 493 3001 debeant
513 2937 567 3000 sibi
594 2938 669 3001 tales
691 2939 848 3002 auditores
874 2938 1038 3023 adiungere
1061 2961 1174 3026 :penes

210 3045 317 3090 eorum
330 3027 486 3089 arbitrium
496 3034 526 3089 et
539 3027 730 3110 prudentiam
744 3047 780 3090 ea
794 3047 842 3092 res
851 3035 913 3092 tota
922 3030 1114 3114 relinquitur.

252 3118 329 3179 Sunt
350 3122 450 3178 tamen
473 3135 561 3179 casus
586 3118 617 3178 in
644 3117 755 3198 quibus
778 3123 984 3201 opportunum
1008 3121 1126 3187 videtur
1150 3129 1176 3184 ut

212 3205 350 3288 Episcopi
363 3205 487 3268 Officieli
501 3223 557 3268 suo
566 3205 732 3288 adjungunt
744 3206 935 3286 Auditorem3
949 3211 973 3273 si
984 3229 1094 3294 nempe
1105 3219 1176 3276 tanta

212 3297 249 3356 sit
260 3295 448 3377 negotiorum
455 3296 542 3376 copia
552 3302 584 3356 ut
597 3295 733 3358 vicarius
743 3297 896 3362 Generalis
909 3309 1039 3382 nequeat
1052 3309 1098 3366 sat
1111 3303 1178 3366 cele·

213 3384 284 3445 riter
305 3383 468 3486 expedire,
490 3383 536 3446 vel
561 3383 586 3444 si
608 3383 662 3446 isle
685 3403 748 3447 non
766 3395 844 3450 asset
865 3393 912 3452 sat
931 3391 1047 3471 peritus
1067 3392 1098 3456 in
1117 3394 1177 3473 jure

213 3489 369 3535 canonico.

253 3563 343 3623 5760.
365 3561 450 3626 Clare
464 3567 565 3624 autem
583 3561 615 3623 in
635 3562 837 3644 deputationis
859 3585 965 3632 eorum
985 3569 1180 3636 instrumento
1221 3617 1222 3646 q

214 3647 303 3710 debet
324 3647 451 3732 exprimi
471 3648 544 3722 ipris
564 3649 693 3712 conteni
707 3651 948 3728 jurisdictionum
970 3657 1007 3718 sd
1019 3659 1179 3722 arcado-
1221 3657 1222 3750 l
