2452 3984
175 178 255 252 'aaa
424 200 561 248 aarum:
581 197 681 246 rarius
701 197 784 246 runis
804 197 954 250 canumet.

194 301 402 360 deterreantur
415 302 504 359 testes
515 298 532 359 d
542 295 666 358 serendo
679 297 862 374 testimonio,
875 315 1037 380 nunquam
1051 301 1173 360 tenetur

193 388 284 467 iudex
300 387 424 448 nomina
437 386 557 447 illorum
571 383 763 448 manifestare
777 403 829 448 reo
844 387 960 466 (Const.
981 387 1028 448 Pii
1041 385 1083 447 lV
1101 385 1175 450 Girsu

193 477 279 554 sa'ttrt)
294 494 302 536 ι
318 480 451 536 attamen
466 475 593 556 exprimi
613 473 724 535 debent
743 473 794 536 illa
808 475 931 536 uomina
945 492 1049 537 coram
1062 475 1175 555 aliqui·

196 564 251 626 bus
266 563 422 645 personis,
438 563 569 644 providis
578 567 609 624 el
621 562 772 640 honestis,
787 561 934 643 religiosis
943 569 973 624 et
986 562 1050 624 aliia
1060 562 1102 625 ad
1116 565 1176 623 hoc

194 653 306 715 vocatis
320 653 432 730 (Const.
452 651 537 713 Licet
550 651 663 715 Urbani
676 651 726 730 IV,
742 650 760 730 ξ
775 653 822 730 9),
837 658 867 712 et
880 651 924 713 sic
937 651 1093 730 injustitiae
1107 669 1175 713 sus·

196 741 274 823 picio
288 745 470 804 remoretur.
485 739 608 818 (Bouix,
623 739 678 814 tt,
693 759 724 820 p.
741 741 811 816 385,
822 741 892 817 386,
908 741 991 816 389.)

236 833 326 894 6035.
342 865 382 877 -
392 833 442 891 ll⁰
457 829 611 891 Sententia
624 827 750 909 proferri
764 827 854 890 debet
866 846 904 890 ex
918 827 1045 890 consilio
1059 827 1175 908 perito-

197 939 264 982 rum
278 939 285 982 :
301 919 434 1000 alioquin
451 918 533 980 irrita
547 921 592 980 est
605 920 682 999 (cap.
702 915 743 980 Ut
764 917 930 996 commissi,
952 915 987 978 de
999 915 1175 994 latentiore,

195 1009 227 1071 in
241 1008 298 1089 6⁰).
321 1009 378 1070 Per
386 1006 501 1090 peritos
522 1005 653 1088 intellige
670 1005 826 1088 theologos
839 1006 884 1068 vel
905 1005 1091 1068 canonistas.
1108 1007 1175 1066 Non

196 1104 298 1160 autem
312 1096 485 1176 astringitur
498 1095 660 1176 Inquisitor
673 1093 711 1156 ad
728 1093 917 1177 sequendum
936 1093 1057 1156 illorum
1073 1095 1176 1156 consi-

197 1185 283 1248 lium.
300 1185 418 1262 (Bouix,
433 1183 569 1263 itidem.)

236 1277 327 1338 6036.
343 1275 387 1336 lla
409 1273 495 1336 dictis
514 1273 670 1354 dijudicari
688 1279 785 1355 potest
803 1291 843 1336 an
864 1271 1005 1353 legitime
1021 1271 1085 1334 sint
1104 1291 1175 1354 per-

198 1369 296 1446 petuae
307 1369 336 1425 et
349 1368 411 1426 tum
421 1381 505 1426 acres
514 1363 712 1445 querimoniae
723 1361 835 1444 quibus
844 1361 996 1423 innumeri
1011 1359 1175 1442 scriptores

198 1453 332 1516 insectati
351 1459 422 1515 sunt
440 1453 658 1515 institutionem
676 1451 834 1514 tribunalis
851 1449 1077 1532 inquisitionis,
1095 1451 1174 1514 circa

199 1542 281 1624 quod
291 1541 358 1604 vide
369 1541 465 1604 Bouix
479 1540 545 1618 (ila,
560 1559 590 1622 p.
603 1543 754 1618 387-396).

232 1633 373 1694 cotanda
380 1631 537 1711 objiciatur
540 1630 620 1710 juste
627 1627 805 1711 reprehendi
813 1627 982 1690 barbariem
992 1628 1174 1707 hujuscetri-

200 1717 1173 1800 bunaliscaeoquddincoadhibebatursuppliciumtorturae:narn

202 1827 261 1871 non
269 1809 364 1890 magis
374 1809 405 1870 in
412 1807 469 1870 hoc
477 1805 939 1869 tribunalitorturaadhibebetur
948 1808 1172 1887 qubmincaete·

201 1897 544 1960 ristribunalibusetiam
554 1895 756 1958 sacularibus:
766 1895 1174 1959 tortaraetoeustantumerat

200 1994 267 2069 post
280 1987 493 2068 semi-plenam
508 1985 715 2067 probationem
726 2032 734 2062 ,
745 2002 801 2046 nec
815 1982 846 2046 in
861 2001 897 2046 eo
911 1984 1044 2047 Ecclesia
1057 1985 1171 2067 vitupe-

200 2077 259 2137 rari
283 2082 380 2157 potest
408 2075 483 2156 quin
506 2074 596 2137 simul
618 2073 707 2135 etiam
730 2073 914 2136 damnentur
936 2072 1039 2136 omnia
1063 2073 1171 2137 borum

200 2171 373 2244 temporum
386 2161 557 2224 tribunalia.
573 2165 616 2224 lle
629 2165 743 2224 torturt
756 2161 823 2224 vide
837 2161 934 2224 adhuc
947 2161 1035 2224 oud.
1052 2163 1169 2244 Soglia,

201 2253 274 2315 last.
285 2251 353 2331 jer.
361 2251 483 2332 prz'v.,§
495 2253 554 2311 bul
566 2297 575 2328 ,
587 2251 639 2330 qui
649 2249 870 2312 sicconcludit:
886 2250 941 2313 «Si
952 2249 1060 2313 licet...
1070 2253 1172 2332 aperte

201 2361 216 2400 a
241 2337 340 2402 dicere
360 2337 433 2420 quid
453 2337 580 2401 sentiam
596 2357 604 2400 ε
620 2355 726 2400 eorum
747 2339 779 2400 in
799 2339 973 2420 opinionem
995 2342 1172 2421 propensior

202 2451 217 2490 a
241 2446 310 2492 sum
324 2427 376 2511 qui
394 2433 516 2491 torturae
535 2444 626 2491 usum
640 2427 767 2488 minime
786 2427 962 2509 approbant.
977 2429 1091 2492 llaec...
1105 2431 1173 2491 satis

202 2540 217 2580 r
243 2517 321 2581 dicta
335 2517 411 2594 sini,
427 2517 499 2580 clun
513 2517 678 2599 praesertim
690 2515 721 2578 in
732 2514 854 2596 judiciis
866 2516 1077 2580 ecclesiasticis
1089 2534 1172 2580 rarus

202 2629 218 2669 a
242 2605 408 2670 admodum
430 2605 521 2668 fuerit
542 2611 663 2668 torturae
683 2621 776 2681 usus,
791 2608 821 2666 et
842 2605 942 2686 potius
962 2604 1042 2668 leues
1062 2607 1171 2670 coerci-

203 2718 218 2756 u
242 2693 338 2757 tiones
353 2697 445 2776 quam
460 2697 595 2776 graviora
615 2699 645 2757 et
661 2693 769 2756 acerba
786 2699 934 2756 tormenta
954 2693 1169 2776 infligerentur.

203 2805 219 2844 r
243 2784 332 2846 Nunc
350 2787 452 2844 autem
466 2783 498 2846 in
511 2783 719 2846 ecclesiasticis
738 2782 830 2846 curiis
847 2789 961 2846 tortura
983 2784 1124 2866 quaelibet
1141 2785 1170 2846 in

204 2893 220 2935 r
246 2870 475 2934 desuetudinem
489 2871 610 2953 penitus
623 2872 706 2934 abiit.
722 2893 738 2931 r

244 2963 333 3024 6038.
349 2962 412 3024 Nec
425 2960 515 3022 etiam
535 2959 717 3023 omdelitatis
734 2960 899 3024 insimulari
917 2960 1007 3024 debet
1020 2961 1170 3047 Inquisitio

204 3049 244 3115 ob
258 3047 364 3113 mortis
401 3054 492 3131 atque
511 3049 601 3113 etiam
621 3049 700 3130 ignis
712 3067 833 3131 poenam
846 3049 995 3114 hereticis
1014 3049 1169 3116 inflictam:

205 3159 277 3206 nam
290 3140 356 3202 lraec
369 3157 458 3222 poena
472 3157 533 3202 non
548 3141 565 3200 b
580 3137 732 3218 iudicibus
746 3139 952 3201 ecclesiasticis
969 3140 1168 3222 infligebatur,

197 3230 288 3294 ,sedd
305 3229 406 3308 judice
420 3227 574 3306 saeculari,
594 3233 623 3290 ct
643 3227 725 3290 nulla
742 3227 836 3290 solida
850 3228 925 3290 ratio
944 3229 1067 3310 allegari
1081 3234 1169 3313 poten

206 3337 260 3382 cur
270 3318 327 3381 hoc
337 3317 463 3394 crimen,
479 3316 704 3379 subversionem
713 3316 796 3398 pacis
805 3323 835 3379 et
847 3317 1071 3398 tranquillitatis
1080 3319 1110 3382 in
1117 3319 1168 3380 totl

206 3407 360 3486 republica
367 3405 525 3468 christiana
536 3423 674 3484 causaue,
684 3409 774 3486 poenb
782 3407 886 3469 mortis
893 3423 955 3468 non
965 3409 1095 3490 poluerit
1103 3405 1167 3487 legi-

207 3494 280 3554 time
295 3494 398 3574 plecti,
414 3493 490 3555 siout
503 3493 709 3573 plectebantur
722 3493 800 3556 laesae
814 3495 977 3573 majestatis
989 3497 1054 3575 rei,
1070 3496 1167 3558 milites

209 3577 392 3658 desertores,
413 3586 471 3643 etc.
493 3582 592 3646 iustas
610 3579 702 3644 tuisse
719 3581 801 3662 leges
820 3584 1040 3665 Imperatorum
1059 3597 1167 3666 poeuaar
