2548 3988
182 256 241 318 300
401 277 536 322 xxnoxxa
555 276 656 323 rorxus
674 277 757 323 aunis
777 277 923 323 cxroxrcx.

181 373 1151 460 ciuxrrutvacansexdelictoreputatur,nonveroexmortiscaust.

222 475 311 536 6336.
323 474 415 537 Secus
427 481 473 536 est
485 474 647 538 dicendum
659 475 683 538 si
694 495 785 558 pruna
795 477 968 559 privationis
977 477 1015 540 sit
1022 476 1152 542 ferenda

183 563 360 642 sententie,
385 582 447 625 non
475 571 559 628 vorot
582 563 766 628 beneficium
794 565 851 628 uisi
878 583 932 648 per
956 567 1150 644 sententiam,

185 660 272 718 orout
285 651 417 714 diximus
430 671 522 734 supra
536 656 627 733 (557).

222 741 367 813 Ouaenem
393 748 494 805 autem
519 744 579 806 sint
604 742 712 806 delicta
736 743 846 826 quibus
869 761 959 826 poena
980 745 1153 827 privationis

182 830 349 894 officiorum
364 837 415 896 eut
425 831 655 910 beneficiorum,
666 839 737 911 etc,
751 835 789 896 sit
802 851 920 896 annexa
933 833 1098 915 ipsotacto,
1108 834 1154 897 vel

181 921 360 1004 proquibus
374 921 704 1003 sententiaprivationis
717 923 755 984 sit
764 921 862 985 soiirm
876 921 1010 1002 ferenda,
1024 921 1154 987 diximus

181 1007 484 1089 verumtamem).
1138 1049 1141 1057 .

224 1121 240 1158 o
261 1102 308 1162 Du
327 1105 423 1176 reste,
448 1100 547 1182 inquit
568 1100 711 1163 Stremier
725 1099 823 1180 (idid,
838 1120 869 1183 p.
885 1103 951 1180 33),
967 1101 995 1163 ia
1009 1101 1152 1184 privetion

181 1209 196 1248 x
221 1187 262 1252 du
277 1189 412 1251 benefice
424 1189 512 1253 laisse
526 1191 662 1270 toujours
673 1208 711 1252 au
720 1189 799 1252 clerc
810 1189 838 1252 ie
849 1190 928 1252 droit
936 1207 994 1252 oux
1004 1190 1152 1254 aliments.

180 1299 196 1337 a
221 1279 263 1340 Le
280 1279 353 1360 juge
368 1277 600 1360 *ecciesiastique
613 1278 695 1353 doit,
718 1298 756 1341 eo
778 1279 968 1357 conscience,
984 1281 1154 1360 pourvoira

180 1389 196 1428 a
221 1367 249 1430 la
263 1366 448 1430 subsistance
458 1368 500 1430 du
513 1367 698 1444 condamne';
710 1375 756 1445 et,
770 1368 815 1430 s’il
825 1387 857 1430 se
867 1368 966 1431 refusa
978 1371 995 1430 o
1009 1387 1044 1432 ce
1053 1369 1155 1434 devoir

181 1479 196 1516 x
221 1457 259 1519 de
270 1457 391 1538 justice,
409 1456 429 1518 il
443 1465 548 1539 peuty
568 1459 631 1520 eive
647 1457 796 1520 contraint
808 1475 862 1539 par
876 1476 931 1518 son
946 1458 1117 1539 Superieur.
1136 1481 1151 1518 x

182 1545 257 1609 Vide
268 1545 342 1628 quid
356 1547 507 1610 sancitum
520 1546 558 1608 sit
571 1549 589 1609 a
603 1547 668 1628 lege
681 1545 760 1610 civili
779 1545 811 1608 in
829 1545 937 1625 Gellia,
953 1547 1053 1628 quoad
1073 1547 1156 1612 hunc

181 1655 285 1698 casum
299 1637 410 1716 (t060).

221 1729 311 1788 6337.
324 1761 364 1773 —
376 1728 426 1788 ΙΙΙ.
442 1725 486 1788 De
499 1725 685 1808 depositione.
701 1726 765 1788 nso
782 1742 866 1803 voce,
890 1725 921 1786 in
936 1743 1028 1789 sensu
1042 1725 1154 1807 latiori,

182 1833 243 1876 non
267 1815 366 1877 sotirm
386 1815 533 1897 depositio
551 1815 672 1897 proprie
685 1813 785 1892 diota,
800 1813 853 1875 sed
873 1813 963 1876 etiam
984 1815 1156 1896 degradatio

137 1939 140 1944 -
180 1904 365 1987 designetur,
380 1910 411 1967 et
423 1905 455 1966 in
469 1905 528 1967 hoc
541 1923 648 1981 sensu,
664 1903 728 1966 haec
745 1921 802 1964 vox
817 1901 978 1966 identidem
994 1912 1156 1986 usurpatur
1265 1955 1266 1966 ,

181 1993 211 2054 in
226 1995 393 2058 canonibus
410 1995 576 2075 presertim
590 1993 751 2055 veteribus.
768 1991 874 2054 Stricte
889 1999 991 2054 autern
1006 1993 1155 2058 intellecta

180 2083 326 2164 depositio
340 2090 384 2145 est
390 2102 476 2164 poeoc
490 2083 630 2145 clericum
638 2083 763 2162 privans
773 2081 804 2141 io
811 2089 985 2162 perpetuum
991 2079 1064 2164 jure
1073 2103 1156 2146 euer-

179 2171 263 2232 eeodr'
287 2172 450 2252 surretiooes
476 2172 523 2232 sui
547 2170 661 2232 ordinis
687 2177 740 2232 out
764 2169 917 2250 benefieir',·
938 2170 1063 2234 clericos
1081 2192 1155 2256 ergo

179 2259 372 2321 solummodo
385 2259 476 2322 afficit
495 2259 559 2321 haec
574 2277 679 2339 poena;
695 2259 802 2339 eique,
818 2257 843 2318 si
860 2257 898 2318 sit
910 2259 1025 2336 totalis,
1041 2279 1154 2328 anneo-
1264 2285 1265 2290 ¹

179 2348 251 2410 titur
264 2347 404 2426 iniamia;
419 2355 449 2410 et
459 2349 531 2411 ciam
546 2347 767 2429 inperpetuum
778 2345 873 2427 privet
885 2346 1026 2410 exercitio
1039 2351 1155 2418 ordinis

178 2443 207 2499 et
220 2437 326 2518 officii,
342 2437 510 2501 necessario
522 2437 617 2520 privat
630 2437 721 2499 etiam
732 2434 886 2499 beneficiis
899 2437 1052 2519 acquisitis
1064 2487 1071 2518 ,
1083 2461 1154 2524 quse

177 2543 240 2588 non
251 2527 361 2590 dantur
374 2527 432 2590 nisi
444 2534 567 2609 propter
579 2525 723 2590 officium.

217 2620 307 2680 3338.
324 2617 429 2680 Differt
440 2621 471 2680 t⁰
486 2619 504 2680 3
517 2615 683 2700 privatione
696 2633 765 2698 quta
778 2616 878 2679 solum
891 2616 923 2678 in
936 2615 1155 2699 jamacqnisita

179 2705 274 2768 officia
284 2706 501 2786 autbeneficia‚
512 2713 584 2786 etc,
595 2706 692 2784 cadit,
704 2713 739 2768 ut
750 2705 842 2768 modo
855 2705 1030 2769 dicebamus
1039 2707 1150 2791 (6335).

216 2795 322 2857 Didert
343 2799 376 2857 2⁰
398 2798 417 2858 t
439 2796 638 2877 suspensione
662 2794 693 2856 in
716 2811 753 2856 eo
776 2794 859 2876 quod
881 2795 1039 2877 suspensio
1058 2798 1155 2866 soleat

176 2903 241 2948 esso
251 2903 341 2966 paena
356 2885 563 2962 medicinalis,
578 2901 614 2946 ao
627 2882 754 2967 proinde
765 2883 947 2966 temporaria
962 2902 1061 2965 exse,
1076 2885 1154 2955 duur

176 2973 322 3055 depositio
336 2993 372 3036 ex
386 2976 493 3036 natura
506 2977 562 3036 sut
575 2979 620 3035 est
633 2991 752 3055 semper
761 2971 1151 3057 vindicativaetperpetoe3

175 3063 247 3124 item
262 3063 420 3146 suspensio
435 3081 496 3124 non
511 3063 605 3146 privat
622 3063 710 3125 tituto
724 3069 776 3125 aut
794 3063 982 3144 possessione
995 3063 1085 3129 oflicii
1099 3077 1154 3133 aut

176 3151 332 3229 beneficii3
359 3169 446 3214 secus
465 3151 504 3214 de
528 3151 735 3233 depositione,
765 3169 834 3233 quae
852 3158 955 3214 tannen
975 3171 1037 3216 non
1056 3157 1152 3237 privet

175 3242 291 3344 ordine,
307 3243 379 3306 curn
393 3241 447 3304 iste
461 3241 500 3303 sit
512 3241 699 3320 indelebilis,
717 3240 770 3304 sed
783 3239 928 3304 duntaxat
940 3243 1006 3322 eius
1019 3243 1152 3310 iunctio·
1262 3315 1263 3328 χ

175 3331 304 3484 111ιέ513839.
327 3421 432 3483 Differt
455 3423 486 3484 3ο
513 3423 530 3483 t
550 3419 763 3502 degradatione
789 3420 919 3498 verbali,
941 3422 973 3488 iu
994 3442 1031 3488 ao
1048 3427 1151 3489 sotum

174 3508 256 3587 quod
276 3514 344 3588 post
363 3510 598 3592 depositionem,
614 3527 675 3572 non
694 3517 791 3592 potest
807 3510 926 3592 procedi
947 3511 983 3574 ad
997 3512 1152 3595 degrade-

174 3596 289 3657 tionem
313 3598 423 3661 reatem
449 3617 502 3661 seu
523 3599 710 3679 soiemnenx,
727 3599 802 3662 dum
823 3599 855 3661 id
878 3599 942 3661 iieri
964 3608 1061 3680 potest
1082 3613 1151 3686 post

174 3681 419 3762 depredationum
433 3687 598 3751 terhatenn
