2548 3988
386 199 389 212 '
496 213 582 259 ursan
602 159 733 259 rannus.
1041 202 1099 263 dis

135 305 179 374 iel
201 309 305 388 tacite,
329 309 513 375 familiariter
536 311 709 390 tractando,
730 309 852 374 remittit
874 311 948 393 quin
973 313 1104 378 ecclesie

135 397 314 475 satisfaciat,
329 400 361 460 2⁰
375 399 498 481 quondo
511 417 582 482 pars
595 399 665 462 laesa
685 397 781 479 rejicit
797 401 909 480 justam
932 400 1105 465 satisfactio·

135 504 206 548 nem
220 486 370 564 oblatam
385 491 418 551 3⁰
432 488 555 571 quando
568 507 639 551 reus
652 495 697 551 est
710 488 859 570 impotens
874 489 913 550 ad
922 489 1105 554 satisfacien-

134 572 229 636 dum:
243 574 352 638 sufficit
363 583 437 640 tunc
447 583 481 638 ut
490 576 662 640 cautionem
676 582 795 658 praestet
806 577 831 637 si
842 576 935 658 possit
947 576 991 639 vel
1003 579 1106 641 saltem

133 661 214 742 juret
224 681 257 726 se
270 682 335 727 esse
349 664 519 729 soluturum
533 666 605 728 clun
618 665 737 746 poterit.
753 666 797 726 Ex
811 683 879 746 cap.
899 663 1057 742 Odoaidas,
1074 665 1107 730 de

134 749 238 827 solon,
249 758 353 834 etcap.
370 753 425 815 Ee
434 761 523 836 parte
536 755 588 830 23,
600 751 635 814 de
644 751 722 815 verb.
738 752 842 834 alpais.

176 843 266 904 6466.
288 841 369 905 Nota
382 845 414 904 2⁰
428 842 512 924 qubd
525 860 562 904 ex
571 860 639 924 cap.
654 844 717 906 Per
731 847 806 918 tuus,
822 839 857 903 de
869 850 942 904 serat.
954 862 1108 922 excomm,

136 927 286 994 absolutio
299 948 361 994 nou
371 931 408 992 sit
417 928 516 994 danda
526 929 584 993 nisi
593 935 770 993 consumtus
780 929 1000 993 absolutionem
1015 937 1107 1014 petat.

137 1018 168 1080 Si
182 1024 283 1082 umen
298 1019 338 1082 sit
357 1020 535 1083 emendatus
555 1021 573 1082 b
594 1025 733 1102 peccato,
756 1017 852 1080 valide
873 1025 969 1100 potest
983 1020 1108 1098 absolvi,

137 1105 192 1170 etsi
206 1108 324 1170 renitat.
342 1108 373 1171 si
386 1109 457 1171 vero
470 1125 533 1170 non
547 1108 585 1170 sit
598 1106 776 1170 emendatus
795 1125 857 1178 non
877 1114 975 1188 potest
998 1107 1109 1171 absolvi

138 1195 196 1260 nisi
210 1197 228 1262 a
242 1195 356 1262 terente
376 1215 558 1276 censuram,
577 1215 648 1260 casu
671 1215 733 1276 quo
750 1202 910 1279 peccatum
928 1195 1019 1259 habet
1031 1203 1110 1260 trac·

138 1291 203 1348 tum
217 1287 436 1363 successivum,
454 1293 489 1350 ut
510 1285 653 1364 haeresis,
673 1284 806 1362 funum
827 1303 915 1348 secus
934 1285 960 1348 si
981 1291 1110 1350 tractum

137 1374 340 1438 successivum
357 1393 419 1438 non
433 1373 578 1453 haberet,
592 1380 627 1438 ut
640 1373 818 1456 perjurium,
834 1373 1029 1455 blasphemia.
1049 1372 1111 1436 Ali·

130 1462 261 1543 .quando
273 1468 386 1537 auum,
402 1481 440 1526 er
451 1464 533 1544 justa
543 1461 725 1542 caust,dari
740 1468 838 1544 potest
849 1461 1008 1539 absolutio,
1019 1463 1110 1526 etiam

137 1551 328 1630 contumaci,
343 1552 385 1614 ob
398 1551 514 1616 bonum
528 1551 702 1634 publicum,
717 1551 763 1614 vel
777 1556 810 1613 ut
824 1569 894 1614 reus
907 1550 1023 1614 facilius
1036 1553 1111 1614 resi·
1184 1581 1189 1597 ·

137 1639 250 1720 piscat,
264 1639 318 1703 sed
331 1639 389 1703 hoc
403 1659 465 1704 non
479 1647 577 1722 potest
591 1639 655 1702 lieri
669 1637 707 1700 ad
722 1638 864 1702 effectum
877 1639 1014 1702 lucrandi
1030 1641 1112 1719 jubi-

138 1726 250 1806 laeum,
265 1729 336 1811 quia
357 1747 431 1792 usus
452 1729 519 1792 talis
538 1727 683 1810 privilegii
699 1727 810 1809 pendet
830 1730 848 1790 t
866 1727 1112 1810 dispositionibus

138 1815 328 1900 privilegiati.
349 1817 425 1882 Vide
447 1817 566 1880 Bullarn
587 1814 700 1878 Bened.
728 1817 794 1878 xlv
821 1815 908 1878 Inter
930 1818 1109 1899 preteritos.

139 1905 181 1987 (S.
198 1906 334 1987 bignon,
353 1905 405 1970 lib.
420 1911 452 1984 4,
464 1915 498 1968 n⁰
513 1909 582 1976 637,
597 1923 629 1986 q.
639 1904 683 1977 7.)

179 1998 270 2058 6467.
285 1995 412 2058 1110163ο
426 1994 542 2076 quodsi
556 1994 624 2076 quis
635 1999 715 2057 esset
727 1993 888 2056 innodatus
898 1992 1035 2074 pluribus
1044 2013 1113 2058 cen-

138 2083 218 2148 suris
231 2083 342 2147 absolri
353 2091 454 2166 posset
465 2084 503 2146 ab
514 2085 576 2146 unt
595 2089 625 2145 et
638 2101 700 2144 non
717 2083 756 2144 ab
769 2081 846 2157 aliis,
860 2081 942 2148 unde
958 2082 982 2144 si
1001 2101 1113 2146 censu-

138 2181 222 2237 ratus
235 2172 456 2238 absolutionem
469 2173 508 2236 ab
521 2174 582 2236 und
592 2175 722 2235 censure
730 2173 849 2234 tantum
863 2176 953 2253 petat,
967 2170 1112 2234 malitiose

138 2262 212 2326 alias
232 2261 345 2340 celans,
365 2262 403 2324 ab
423 2263 485 2324 und
506 2261 625 2324 tantum
639 2267 685 2322 est
703 2259 875 2333 absolutus,
900 2259 957 2321 nisi
976 2259 1114 2341 superior

138 2349 220 2413 aliud
236 2351 385 2432 exprimat
397 2354 475 2432 (cap.
492 2349 567 2414 Cbm
575 2369 631 2431 pro
643 2349 729 2412 ccuad
740 2355 769 2412 et
782 2367 849 2431 cap.
863 2347 975 2430 Officii,
988 2347 1023 2410 de
1035 2358 1110 2411 sent.

138 2442 304 2518 excomm).
320 2439 352 2502 Si
366 2446 466 2502 autem
487 2438 554 2500 sine
566 2437 636 2499 dolo
652 2439 725 2500 alias
738 2437 896 2512 tacuisset,
910 2435 1061 2516 judicatur
1074 2437 1113 2498 ab

139 2528 284 2590 omnibus
305 2527 460 2590 absolutus
481 2526 539 2588 nisi
560 2531 676 2588 constet
695 2524 900 2588 absolventem
917 2523 999 2586 aliud
1017 2524 1113 2586 inten-

139 2615 231 2680 disse.
247 2617 290 2694 (S.
301 2615 439 2697 Lignum,
455 2613 506 2677 lib.
518 2618 549 2692 7,
565 2623 598 2676 n⁰
611 2615 693 2696 434.)

179 2707 269 2768 6468.
292 2704 374 2768 Nota
386 2707 420 2766 4·
433 2703 515 2786 qudd
529 2701 702 2766 confessarii
722 2701 774 2784 qui
794 2699 907 2764 habent
923 2699 1113 2783 privilegium

139 2793 269 2878 speciale
283 2811 339 2875 pro
360 2791 550 2856 absolvendis
569 2791 705 2855 censuris
727 2790 798 2853 Sodi
821 2789 1002 2872 Apostolicae
1020 2808 1113 2852 roser.

100 2924 104 2929 -
140 2885 225 2962 rutis,
239 2878 1113 2947 nonideovaleantabsotvcreacensurisominanoreser-

141 2973 225 3034 ratis.
242 2968 409 3053 (Stremler,
426 2971 484 3034 Des
497 2970 603 3032 Peices
615 2970 727 3042 eccles,
743 2989 775 3051 p.
787 2968 873 3052 236.)

157 3049 162 3059 “
183 3063 273 3124 6469.
294 3061 376 3124 Noto
386 3064 418 3123 5⁰
432 3059 515 3142 quod
527 3076 565 3122 eu
579 3059 692 3121 Concil.
709 3057 844 3120 Trident.
861 3054 948 3138 (sess.
964 3060 1014 3131 25,
1032 3074 1060 3119 c.
1076 3059 1109 3134 3,

142 3145 176 3208 de
190 3148 248 3228 res.
258 3195 267 3226 ,
279 3149 312 3212 in
328 3151 400 3229 line)
416 3167 425 3212 ε
450 3171 466 3210 c
487 3149 517 3212 Si
532 3147 809 3211 excommunicatus
829 3145 976 3208 obdurato
990 3143 1110 3222 animo,

141 3258 158 3296 s
182 3237 317 3300 censuris
330 3239 472 3314 innexus,
491 3239 524 3300 in
538 3237 595 3299 illis
609 3255 663 3319 per
676 3254 793 3299 annum
806 3232 1007 3311 insorduerit,
1021 3231 1111 3293 etiarn

140 3347 156 3390 r
182 3334 286 3390 contro
309 3343 394 3405 eum,
418 3335 562 3409 tanquam
584 3326 623 3388 de
644 3325 748 3388 lraeresi
769 3329 965 3406 suspectum,
989 3319 1111 3401 procedi

140 3433 156 3478 a
180 3415 285 3498 possit.
306 3436 323 3476 s
340 3416 416 3478 Vide
430 3416 553 3498 insuper
570 3414 706 3495 regulam
723 3415 763 3474 66
775 3409 965 3476 Cancellariae
983 3411 1111 3491 Aposto-

139 3504 216 3568 tice.
231 3505 399 3583 (Stremlcr,
413 3503 469 3578 ib„
484 3523 514 3586 p.
529 3503 614 3580 ais.)

182 3597 273 3660 6476.
298 3593 377 3657 Notu
397 3596 431 3656 6⁰
443 3591 526 3675 quod
545 3592 758 3675 suspensiones
778 3597 810 3655 et
827 3586 984 3654 interdicta
1000 3589 1058 3654 lata
1080 3588 1110 3654 iu
