2466 4258
219 268 224 276 .
294 222 380 273 arnan
400 221 535 268 renerus.
558 237 597 251 -
616 219 806 268 arcesarces.
977 197 1036 262 ’lttll

57 333 145 398 tione
161 343 250 397 actus
271 335 506 415 appellationis,
530 334 677 396 intimare
702 332 778 396 facit
801 330 986 414 appellanti,
1001 340 1036 392 ut

57 423 139 486 infra
157 425 328 486 terminum
344 423 456 504 viginti
484 422 608 486 dierum
635 421 831 486 defensorem
849 422 1033 499 constituat,
1053 427 1056 430 '

57 515 112 595 qui
130 515 296 594 approbari
313 513 406 576 debet
420 512 460 576 ab
473 513 582 576 eadem
598 511 752 594 superiori
769 511 973 574 Auctoritate.
1023 511 1027 516 “

98 601 173 665 illl.
189 635 227 656 ,-
241 601 379 666 Decurso
407 601 492 665 dieto
520 602 658 666 termino
688 599 900 682 peremptorio
916 599 1036 680 absque

58 691 183 770 ellectu,
195 689 565 774 censeturappellantem
584 692 740 754 nuncium
757 689 879 752 misisse
894 685 1045 770 appella.

58 783 153 844 tionis
176 781 343 857 beneficio,
365 789 396 844 et
411 781 479 844 haec
504 789 735 862 consequenter
752 787 917 862 perempta
930 777 1036 841 decla-

58 879 146 932 ratur
161 890 179 934 a
192 871 346 954 superiori
360 872 557 934 auctoritate.

99 959 188 1022 XLII.
203 994 237 1010 -
255 959 357 1036 Quum
372 960 545 1044 appellatio
560 959 749 1044 producitur
764 977 782 1022 a
798 959 953 1024 sententia
976 957 1036 1022 ali·

60 1051 151 1130 cujus
166 1053 266 1114 Curiae
285 1051 475 1133 episcopalis
504 1050 544 1114 ad
567 1050 849 1132 Metropolitanum,
865 1047 1037 1128 archiepis-

61 1155 158 1219 copus
174 1158 232 1221 pro
251 1140 432 1222 cognitione
446 1149 477 1202 et
492 1137 652 1202 decisione
674 1139 783 1204 Causae
807 1139 949 1221 sequitur
964 1155 1039 1204 nor·
1073 1179 1079 1198 .

61 1246 145 1289 marn
164 1229 355 1308 procedendi
367 1229 400 1292 in
417 1228 474 1293 liae
488 1229 699 1292 instructione
709 1230 867 1292 traditam.

101 1315 206 1380 XLIII.
226 1352 264 1364 -
288 1316 320 1382 Si
345 1319 509 1402 contingat
524 1319 610 1401 quod
630 1319 774 1392 clericus,
804 1337 867 1381 non
893 1317 1038 1380 obstante

60 1407 118 1469 fori
136 1407 311 1490 privilegio,
333 1409 375 1472 ob
403 1410 538 1472 crimina
561 1409 744 1472 communia
764 1407 949 1486 subjiciatur
969 1423 1039 1486 pro·

60 1497 163 1560 cessui
189 1505 220 1559 et
243 1498 364 1575 judicio
385 1499 474 1563 laicae
499 1505 673 1581 potestate,
699 1495 895 1568 Ordinarius,
914 1495 974 1558 hoc
1005 1496 1038 1556 in

61 1606 150 1654 casu,
180 1588 385 1648 surnmeriam
401 1590 497 1650 sumit
524 1588 686 1650 criminosi
711 1586 783 1650 lacti
810 1586 1035 1666 cognitionem,

63 1689 158 1755 atque
173 1675 341 1756 perpendit
356 1695 396 1738 au
417 1679 534 1756 ipsum,
552 1678 592 1740 ad
612 1677 726 1740 tradita
747 1695 803 1758 per
818 1695 922 1740 sacros
949 1691 1041 1740 cauo-

66 1782 134 1839 ncs,
157 1763 261 1824 locum
279 1763 371 1826 l'a‘ciat
386 1763 535 1840 inlamiae,
553 1765 788 1846 irregularitati,
804 1774 859 1829 aut
873 1765 926 1830 alii
938 1765 1038 1828 ecclc·

63 1852 196 1915 siasticae
215 1852 381 1916 sanctioni.

103 1943 160 2018 §l
177 1939 282 2004 Donec
294 1941 450 2020 judicium
468 1941 616 2023 pendeat,
633 1949 688 2006 aut
708 1951 874 2007 accusatus
893 1941 1039 2006 detentus

1 2053 2 2058 ¹
61 2033 101 2093 sit
106 2030 269 2132 ,prudens
285 2041 332 2094 est
360 2029 546 2096 Ordinarius
560 2049 627 2096 sese
643 2031 757 2095 limitet
778 2031 818 2094 ad
840 2031 944 2096 media
964 2049 1039 2112 pro·

62 2119 190 2184 visoria.

103 2211 160 2287 §a
178 2207 426 2289 Expletotarncn
439 2210 572 2294 judicio,
587 2211 729 2275 etlibero
743 2211 868 2274 reddito
880 2220 1038 2288 accusato,

62 2298 155 2362 Curia
176 2297 290 2378 juxta
298 2301 417 2364 exitum
446 2301 710 2365 informationum
739 2320 795 2364 ceu
824 2303 1038 2382 superiusas·

61 2395 273 2468 sumptarum,
297 2389 440 2470 procedit
455 2390 495 2454 ad
524 2391 665 2455 tramites
686 2389 932 2472 dispositionum
956 2409 1040 2522 pre·

60 2477 159 2541 sentis
180 2478 408 2543 instructionis

103 2565 259 2629 XLlV.-
272 2567 306 2630 ln
322 2569 449 2633 casibus
460 2569 577 2649 dubiis,
593 2579 625 2634 et
639 2571 673 2636 in
691 2571 787 2634 variis
801 2570 988 2650 practicisdi
995 2517 1040 2634 lli·

60 2655 247 2734 coitalibus,
264 2677 336 2739 quae
351 2659 536 2742 contingere
551 2662 682 2742 possint,
697 2657 854 2724 Ordinarii
871 2661 1040 2724 consulant

62 2747 148 2808 hanc
166 2746 201 2810 S.
222 2745 408 2831 congregat.
432 2747 473 2812 ad
506 2749 651 2814 vitandas
671 2750 888 2813 contentiones
915 2757 946 2812 et
966 2754 1040 2816 uul-

62 2837 177 2903 litates.

104 2953 117 2986 a
135 2930 180 2994 Ex
194 2929 267 2992 aud.
282 2929 334 2990 Smi
348 2927 411 2992 diei
426 2926 461 2990 ll
479 2928 566 2992 lunii
588 2928 676 2993 1880.

104 3043 118 3076 «
137 3019 207 3084 SS¹¹⁵
221 3017 374 3082 Dominus
386 3017 496 3081 Noster
509 3017 571 3082 Leo
581 3018 643 3082 div.
663 3037 752 3101 prou.
766 3019 823 3084 PP.
839 3017 920 3094 Xlll,
933 3019 1040 3082 audita

61 3108 213 3170 relatione
235 3109 398 3188 praesentis
431 3107 653 3172 instructionis
674 3109 714 3171 ab
744 3108 944 3188 infrascripto
969 3107 1037 3169 Sao.

62 3197 214 3276 Congmg.
231 3196 413 3279 Episcopor.
440 3207 472 3262 et
496 3197 698 3276 Regularium
718 3199 897 3271 secretario,
912 3213 981 3257 earn
1000 3199 1033 3260 in

62 3283 212 3346 omnibus
237 3286 453 3366 approbareet
467 3288 654 3352 confirmare
668 3286 817 3367 dignatus
840 3294 899 3348 est.
920 3283 1037 3360 Roma,

62 3374 115 3438 die
127 3381 157 3436 ct
169 3391 253 3438 anno
268 3373 385 3458 quibus
400 3393 507 3459 supra.
1050 3419 1052 3424 ,

430 3487 445 3522 e
467 3464 488 3526 l.
506 3465 597 3528 Card.
616 3464 774 3542 i'cnnrenr,
791 3464 888 3546 Prsee.
1047 3445 1053 3526 l

435 3575 451 3612 ι
473 3553 501 3618 J.
517 3557 551 3618 B.
568 3557 709 3632 donozzi,
727 3556 925 3620 Secreturius.

161 3681 192 3730 τ.
212 3678 258 3729 Π.
893 3663 961 3726 20“
