2452 3984
212 279 270 344 222
430 294 570 342 uenuste
590 297 692 344 nonus
711 297 793 345 runis
816 297 964 346 cinonrcr.

211 390 387 472 deposuere,
402 409 436 451 oc
448 387 522 472 fidei
534 390 697 469 catholico,
712 393 878 474 apostolico
891 375 919 456 ot
933 413 1059 457 romono
1068 393 1167 477 profes·

212 477 1168 566 sionemjurtofornnomodEralest'riprtesrrrptomminue‚ipsors

212 567 1169 655 quedoineulocaenomanicata'om'ssolutum,quopropterdictam

212 656 343 720 loerrsim
360 656 558 740 liquerunt,
571 657 604 720 in
618 657 753 721 Ecclesid
770 660 914 722 rotlaolird
927 669 1075 743 receptum
1082 659 1169 743 [ruse.

216 745 287 808 Vide
300 746 423 826 Andre,
440 746 533 812 Cours
542 745 576 810 de
589 745 670 810 droit
682 767 791 826 aaron,
805 759 836 812 v⁰
850 748 1044 831 Adjurotion.

252 839 341 900 6160.
357 871 398 884 -
410 841 442 899 2⁰
455 835 592 918 Expendl
606 835 696 900 debet
718 856 757 899 an
772 836 928 900 haereticus
946 837 1169 902 reconciliandus

213 923 409 990 labdonem
421 925 605 1008 baptizatus:
625 925 764 988 indubio
778 933 879 990 autem
892 926 931 989 de
945 926 1094 990 validitate
1107 927 1169 1008 Bap-

212 1013 293 1076 tismi
315 1015 511 1097 baptizandus
524 1020 570 1077 cst
587 1013 643 1077 sub
656 1013 848 1092 conditione3
864 1022 967 1097 postea
988 1015 1171 1078 absolvendus

213 1106 284 1166 ests
298 1105 435 1167 censuris
447 1110 477 1166 et
489 1101 610 1181 deinde,
625 1103 726 1166 ouditb
740 1105 805 1184 ejus
818 1105 1025 1184 confessione,
1042 1104 1171 1166 absolutio

213 1191 436 1254 sacramentalis
449 1191 487 1253 ab
500 1193 567 1272 ejus
580 1194 710 1276 peccatis
728 1193 786 1255 sub
806 1192 980 1256 conditione
1003 1199 1051 1255 est
1064 1193 1116 1275 ipsi
1130 1191 1172 1253 in·

215 1279 385 1360 portiendo:
402 1282 515 1363 quippe
535 1277 691 1362 supposito
705 1280 797 1344 dubio
817 1281 986 1362 baptismo,
1002 1281 1126 1344 dubium
1138 1287 1173 1342 ost

214 1369 324 1450 pariter
335 1388 374 1431 au
390 1371 456 1432 talis
476 1369 716 1434 reconciliandus
739 1370 873 1451 indigeat
885 1370 1084 1433 absolutione.
1100 1373 1173 1434 Juxta

216 1457 326 1520 Bened.
343 1461 406 1520 lllV
423 1459 479 1538 (De
492 1459 583 1542 Syn„
599 1458 650 1521 lib.
664 1463 704 1540 9,
729 1479 796 1544 ccp.
812 1465 903 1538 t,n⁰
921 1462 951 1538 3)
970 1459 1126 1522 hereticus
1144 1457 1172 1520 ad

214 1546 344 1608 tribunal
358 1547 499 1629 Episcopi
512 1547 659 1610 deductus
673 1555 769 1632 potest
779 1548 863 1611 abeo
872 1547 1077 1627 reconciliari,
1091 1555 1119 1610 at
1130 1565 1173 1630 pio

214 1641 343 1716 utroque
356 1635 421 1698 loro
433 1635 572 1698 absolvit
586 1641 715 1700 censuri
727 1657 735 1698 ι
749 1639 822 1710 imo,
835 1643 995 1719 postquam
1010 1655 1082 1700 suos
1094 1639 1174 1716 eiura-

214 1723 256 1784 vit
269 1741 400 1802 errores,
416 1723 454 1786 sd
466 1725 636 1807 simplicem
656 1727 874 1789 confessarium
893 1725 1004 1790 remitti
1020 1732 1128 1808 potest,
1148 1730 1172 1786 ul

214 1811 252 1873 sb
266 1830 303 1875 eo
314 1813 500 1892 absolutum
517 1832 613 1896 eaque
627 1815 786 1887 absolutio,
802 1816 872 1878 licet
884 1815 954 1878 dots
967 1815 1000 1877 in
1013 1813 1080 1878 loro
1093 1831 1173 1878 sectr

214 1902 354 1982 mentali,
371 1903 492 1986 prodest
505 1903 595 1966 etism
609 1923 665 1986 pro
678 1904 744 1967 loro
758 1911 894 1968 externo.

254 1994 343 2054 6121.
367 1994 488 2066 Ouaerit.
505 1996 536 2054 2⁰
550 1992 627 2066 Ouid
648 1993 747 2077 blege
765 1993 965 2059 ecclesiastica
986 1994 1026 2058 sit
1038 1994 1172 2058 sancitum

214 2086 314 2166 quoad
333 2085 513 2164 lectionem,
530 2085 731 2147 retentionem
749 2089 779 2148 et
793 2085 1027 2169 impressionem
1040 2085 1171 2147 librorum

214 2173 447 2237 hoereticorum?

255 2263 344 2343 llcsp.
358 2261 433 2324 Vide
446 2279 582 2343 respons.
598 2280 689 2345 supra
702 2265 848 2342 (730-768
858 2268 889 2326 et
900 2263 1005 2344 lb3l).

255 2353 344 2414 olm.
367 2351 489 2424 Ouaerit.
505 2353 538 2411 3⁰
546 2352 654 2414 Utrum
669 2351 705 2414 sit
719 2353 836 2417 licitum
848 2352 887 2415 de
901 2352 992 2416 rebus
1006 2352 1077 2416 fidei
1088 2352 1172 2434 dispu-

214 2445 277 2504 tare
291 2459 361 2504 cum
375 2438 548 2503 infidelibus
561 2448 591 2503 et
604 2440 772 2504 baereticis‘?

255 2532 344 2612 Hesp.
371 2533 444 2594 lure
467 2529 602 2592 naturali
624 2530 746 2593 cuilibet
773 2529 894 2594 indocto
916 2531 1097 2615 prohibitam
1120 2547 1173 2594 assu

214 2620 304 2682 talem
318 2620 566 2704 disputationem.
584 2619 656 2701 quia
676 2619 708 2682 in
722 2617 938 2684 detrimentum
955 2621 1108 2704 religionis
1119 2636 1172 2684 rer·

215 2714 310 2790 geret.

255 2799 327 2860 lure
337 2799 465 2878 positivo
487 2797 667 2879 prohibitam
680 2795 773 2861 videri
795 2799 937 2863 omnibus
952 2799 1035 2863 laicis
1051 2819 1059 2862 ε
1078 2798 1173 2862 dicitur

215 2885 298 2948 enim
313 2886 342 2948 in
357 2903 424 2967 cop.
442 2885 636 2969 Quicumque,
652 2887 856 2965 delmerius,
872 2889 904 2950 in
914 2893 965 2952 6⁰:
985 2888 1173 2952 «inhibemus

215 2997 231 3036 n
255 2993 378 3057 quoquc
393 2993 433 3036 ne
447 2975 570 3038 cuilibet
584 2977 665 3039 loicae
680 2995 817 3059 personae
832 2978 917 3040 liceat
930 2977 1051 3060 publica
1064 2977 1108 3040 rel
1121 2975 1172 3056 pri·

216 3086 231 3126 s
254 3064 345 3127 vatim
357 3109 366 3142 ‚
376 3062 415 3125 de
429 3062 488 3126 fide
497 3064 641 3128 catholici
656 3064 809 3148 disputare
823 3067 895 3148 :qui
909 3069 979 3129 vero
992 3074 1096 3130 eontra
1110 3066 1173 3126 leco·

216 3155 313 3232 orit,
342 3153 662 3228 excommunicationis
689 3154 798 3236 laqueo
824 3154 997 3219 innodatur.
1026 3177 1042 3216 o
1073 3154 1172 3216 llicitur

217 3249 317 3305 tumen
332 3242 364 3303 in
379 3239 482 3302 Glossb
504 3241 585 3322 qubd
603 3261 659 3306 vox
685 3244 770 3307 loiaoe
788 3243 983 3326 intelligenda
1001 3245 1040 3308 sil
1059 3243 1130 3307 forle
1142 3237 1172 3301 od

216 3329 331 3394 modum
344 3330 628 3393 ultramontanorum
644 3333 697 3415 qui
717 3333 876 3395 illiteratos
900 3333 990 3396 laicos
1010 3341 1129 3408 cocunt,
1150 3335 1173 3389 el

217 3419 364 3482 litteratos
377 3420 509 3484 clericos.
524 3424 569 3483 De
582 3439 644 3504 quo
657 3421 723 3484 vide
737 3421 828 3484 etiam
841 3423 1012 3485 Patuzzium
1022 3426 1080 3506 (op.
1095 3419 1170 3485 cors.

216 3507 333 3590 compl,
348 3516 422 3573 tom.
438 3513 478 3588 6,
502 3509 561 3572 col.
577 3509 666 3589 63l);
683 3509 737 3573 sed
757 3509 904 3592 quidquid
921 3511 961 3573 sit
972 3511 1011 3575 de
1024 3512 1088 3590 his,
1103 3505 1173 3572 eroi-

217 3597 345 3678 piendus
366 3605 412 3660 est
424 3616 511 3662 casus
525 3598 710 3660 necessitatis
730 3605 781 3661 out
801 3617 919 3681 magnos
938 3600 1090 3677 utilitatis3
1111 3599 1174 3679 puta

217 3687 288 3748 cum
303 3685 484 3750 refellendus
496 3693 575 3748 esset
588 3685 745 3751 hereticus
758 3687 809 3769 qui
824 3707 896 3752 cum
911 3689 1019 3768 injurit
1030 3687 1174 3764 fideiejus
