2466 4258
197 237 254 302 7:³2
423 251 561 298 urrunsa
581 251 685 298 rorans
706 249 786 298 tuars
807 251 957 298 canumet

238 369 283 432 lss.
302 369 446 432 Secundo
472 369 540 432 loco
553 369 684 431 veniunt
697 367 847 450 conjuges
865 369 940 451 ipsi,
969 371 1034 450 qui
1061 390 1189 454 semper,

196 469 227 523 et
256 476 397 522 seorsum
424 458 525 521 audiri
553 459 681 531 debent,
702 467 736 520 ut
769 459 1007 540 unusquisque
1036 481 1104 525 sua
1129 463 1191 540 jura

197 551 287 624 tueri,
300 556 330 612 et
344 549 493 623 rationes,
503 547 720 623 deductiones,
732 565 768 610 ac
784 547 866 609 lacta
880 548 984 610 allata
997 559 1061 612 aut
1071 553 1191 632 rejicere

197 649 249 704 aut
276 639 434 722 explicare
460 645 566 720 queat.
588 637 740 712 Quaelibet
766 655 840 719 pars
870 639 1022 700 examini
1057 641 1192 722 subjecta

195 731 312 814 poterit
339 728 389 794 rol
418 727 503 790 illico
532 735 601 810 post
630 745 775 800 examen,
806 726 855 788 rel
886 729 993 790 etiam
1030 730 1193 810 deinceps,

196 830 366 902 autequam
383 835 546 900 processus
561 816 739 891 claudatur,
763 832 956 896 proponere,
972 818 1002 879 si
1016 820 1114 895 velit,
1125 823 1192 882 art·

184 909 299 984 culos,
320 925 416 990 super
442 907 558 988 quibus
586 905 666 968 alter
680 907 797 984 conjux
812 909 850 967 sit
865 907 1146 984 examinandus;
1168 922 1193 970 et

196 1007 353 1080 quatenus
365 996 460 1059 ctiam
474 996 514 1058 ab
530 995 591 1058 ltoo
606 995 730 1056 articuli
743 1005 982 1075 proponantur,
1000 999 1071 1060 erit
1082 1000 1192 1062 iterum

197 1089 341 1152 citandus
356 1087 484 1166 conjnx,
500 1087 554 1167 qui
582 1085 702 1166 primus
728 1083 829 1146 luerat
844 1083 1073 1166 examinatus,
1095 1099 1131 1150 ut
1145 1109 1192 1150 su·

197 1199 252 1260 pcr
266 1177 406 1240 articulis
422 1173 568 1236 alraltero
583 1173 753 1253 propositis
767 1172 925 1234 audiatur.
938 1173 1044 1238 Juxta
1062 1195 1191 1240 casuum

197 1268 444 1330 diversitatema
473 1261 659 1342 conjugibus
684 1261 912 1342 inquirendum
937 1265 1016 1336 erit,
1031 1277 1071 1328 ut
1085 1269 1113 1329 si
1134 1289 1191 1349 qua

197 1357 392 1418 documenta
421 1353 559 1414 habeant
587 1351 627 1414 ad
661 1369 754 1412 suurn
784 1351 1051 1430 matrimonium,
1083 1358 1134 1420 vel
1155 1361 1189 1418 al

197 1445 397 1524 coniugalem
410 1439 1000 1521 ritaeconsuetudinomspsctantia.ea
1013 1445 1189 1508 exhibeant

197 1537 228 1596 in
246 1545 314 1594 acta
330 1531 531 1593 recensenda.
544 1530 618 1603 Quae
632 1529 823 1593 documenta
836 1532 1085 1616 cujuscumque
1099 1555 1189 1618 gana.

197 1625 239 1685 ris
259 1625 331 1698 sint,
355 1631 416 1682 eta
445 1639 649 1702 quocumque
678 1619 902 1698 erlrilteantur,
938 1639 1075 1705 semper
1096 1637 1186 1688 erunt

197 1709 398 1791 recipienda3
424 1719 454 1772 et
489 1709 696 1772 cancellarius
732 1707 884 1771 adnotare
915 1708 1053 1773 debebit
1091 1713 1180 1788 diam,

198 1819 348 1879 mensem,
365 1809 395 1862 et
411 1817 545 1876 annum,
561 1817 620 1861 nec
649 1815 713 1860 nou
741 1813 858 1861 nomen
882 1797 974 1862 illius
990 1819 1008 1861 a
1023 1819 1092 1882 quo
1102 1805 1177 1866 exhi

196 1892 261 1954 ltita
276 1895 418 1954 luerunt.

239 1981 285 2044 li.
316 1981 347 2044 Si
376 1979 470 2042 ambo
494 1978 643 2057 conjuges
668 1977 841 2040 concordes
868 1977 899 2038 iu
924 1976 1163 2059 depositionibus

196 2073 323 2146 l'uorint,
351 2072 530 2132 moderator
545 2077 686 2129 actorum
700 2077 731 2129 ot
745 2067 893 2130 defensor
906 2069 1111 2132 matrimonii
1129 2087 1169 2130 se·

195 2163 270 2226 dulo
297 2161 478 2242 inspiciant,
495 2166 602 2221 utrum
619 2157 699 2218 inter
720 2157 849 2220 eosdem
870 2157 1009 2221 collusio
1032 2161 1177 2222 interess-

197 2252 284 2313 serit.
324 2249 388 2312 lloc
408 2250 439 2310 in
462 2266 537 2311 casu
553 2246 677 2328 singula
707 2256 892 2326 argumenta
928 2256 1042 2310 contra
1069 2269 1179 2313 eorum

195 2339 408 2420 depositiones
435 2353 474 2400 ex
497 2354 645 2417 processu
668 2333 851 2397 resultantia
886 2335 1043 2399 distincte
1065 2340 1179 2402 iisdem

195 2430 398 2510 objiciantur,
423 2437 457 2489 ut
478 2425 598 2502 fraude,
624 2425 649 2488 si
674 2443 736 2507 qua
762 2424 868 2500 luerit,
897 2425 1035 2506 detecta,
1053 2430 1180 2498 veritas.

196 2519 300 2599 quoad
318 2517 384 2579 lieri
408 2516 516 2598 possit,
535 2513 673 2577 dilucide
689 2523 852 2597 appareat.

237 2609 287 2668 18.
303 2607 372 2668 Post
388 2605 539 2686 conjuges
555 2604 672 2666 citandi
686 2613 781 2667 eruut
794 2613 887 2667 testes
903 2603 1040 2682 inducti,
1058 2621 1181 2671 serrata

195 2715 305 2759 corum
321 2695 605 2757 examinandorum
630 2693 752 2756 ratione
775 2696 921 2774 superius
947 2695 1123 2779 descripta,
1153 2711 1180 2760 et

195 2785 359 2870 exquisitis
375 2787 413 2846 ab
428 2785 587 2847 iisdcmiis
602 2785 733 2857 notitiis,
748 2781 920 2864 dequibus
934 2783 1084 2849 instructi
1100 2789 1179 2850 exis·

196 2878 358 2937 limantur.
377 2873 638 2954 interrogationes
654 2873 785 2954 singulis
797 2872 961 2951 faciendae,
981 2887 1078 2956 prout
1088 2895 1176 2940 accu-

195 2965 324 3027 sationis
338 2963 459 3038 titulus,
476 2972 530 3024 aut
544 2962 638 3025 allata
656 2963 810 3024 tactorum
822 2969 852 3026 et
865 2962 1165 3028 circumstantiarum

195 3054 368 3135 congeries,
392 3049 441 3114 rel
467 3051 536 3132 ipsa
561 3051 686 3114 testium
714 3051 836 3114 indoles
850 3059 947 3134 atque
963 3056 1111 3136 capacitas
1121 3067 1165 3112 rc-

193 3145 318 3226 quirere
336 3141 488 3215 rideatur,
515 3142 676 3220 sagacitati
703 3149 798 3222 atque
826 3141 1011 3222 prudentias
1038 3141 1175 3207 modera-

194 3232 270 3294 toris
291 3239 476 3294 aoiorumet
500 3229 674 3294 defensoris
708 3229 827 3293 vinculi
856 3231 1100 3316 relinquuntur,
1127 3233 1178 3316 qni

195 3323 265 3384 illas
279 3319 483 3397 concinnare,
499 3337 613 3400 augere
636 3330 690 3381 aut
704 3319 895 3382 imminuere
913 3331 1075 3402 poterunt,
1089 3325 1180 3387 dum·

195 3413 291 3474 modo
311 3419 416 3472 tamen
432 3428 555 3490 semper
570 3417 728 3472 eaomnia
745 3409 960 3492 inquirantur,
978 3431 1051 3493 quae
1063 3413 1105 3476 ad
1119 3431 1180 3476 ree·

196 3511 260 3563 tum
274 3497 499 3582 prolarendum
512 3497 670 3580 judicium
684 3508 738 3563 aut
749 3499 922 3563 necessaria
935 3511 1181 3583 autopportuna

194 3597 391 3654 cerrseantur.
