2548 3988
177 241 238 301 eto
400 247 539 295 usuum
558 245 663 292 ronne
682 243 763 290 mnis
782 241 930 290 cnrourcr.

176 405 192 444 ι
217 385 248 446 S.
278 380 320 444 Pii
343 378 386 456 ll,
410 397 470 459 qua
493 376 562 441 Sedi
587 375 766 456 spostolicae
793 381 960 437 reservatur
985 379 1156 457 peccatum

1239 491 1240 544 l

175 495 191 535 ι
216 468 526 550 monialisirengentis
539 466 725 530 clausuram.
736 461 833 526 n-V.
847 465 878 527 S.
892 465 1025 545 Lignea,
1039 463 1098 526 lib.
1116 469 1154 542 6,

177 574 209 628 n⁰
223 568 293 640 594,
307 567 337 625 et
349 560 506 634 Stremler,
521 557 578 621 Dee
586 557 685 640 prinei
698 554 810 632 meles„
827 575 859 634 p.
873 557 943 620 939.

215 682 304 742 nter.
327 673 386 738 Sed
403 671 507 747 hodie,
529 678 598 753 post
612 671 714 731 Const.
737 667 917 750 Apostolicoe
930 664 1015 729 Sedis
1032 668 1151 748 ritui,

174 769 246 834 sole
267 783 413 838 censurae,
437 759 557 844 speciali
578 758 668 822 modo
683 757 771 838 Papae
796 765 964 830 reservate,
981 757 1142 840 excipiun-

174 869 223 922 tur
243 876 261 920 a
282 857 362 920 dieto
385 852 539 936 privilegio
557 848 714 932 Episcopis
733 864 877 909 concesso
895 864 969 910 sess.
990 851 1047 924 tl,
1063 865 1093 911 c.
1109 852 1148 927 6,

174 954 267 1012 Gonu.
279 946 362 1010 Trid.
376 977 416 993 -
430 945 465 1004 V.
482 957 575 1021 supra
593 936 708 1018 (1639).

118 1051 121 1057 ’
213 1067 304 1128 6448.
326 1059 406 1123 iloto
420 1060 517 1143 qued,
525 1061 609 1142 juxta
624 1060 771 1124 veriorem
785 1059 976 1138 sententiam,
991 1075 1081 1123 casus
1095 1077 1153 1143 pa-

174 1150 258 1232 pales
278 1149 378 1210 haberi
399 1149 527 1212 debeant
542 1156 575 1211 ut
587 1149 687 1211 adhuc
701 1151 732 1212 S.
754 1148 822 1210 seni
844 1149 1005 1227 reservati,
1027 1149 1149 1211 etiamsi

174 1236 355 1316 delinquens
376 1235 414 1297 de
429 1235 464 1298 iis
477 1236 567 1298 fuerit
589 1239 713 1318 punitus
727 1239 758 1300 in
779 1237 845 1299 loro
858 1237 980 1300 alterius
993 1237 1147 1301 dioecesis.

175 1326 216 1402 (S.
234 1323 368 1397 biunna,
383 1323 436 1384 lib.
452 1329 482 1396 7,
499 1334 531 1385 n⁰
546 1329 609 1397 Π.)

204 1408 293 1473 etta.
318 1407 485 1473 Dubitatur
503 1419 611 1473 utrum
632 1410 751 1473 crimen
769 1427 800 1469 nr
817 1425 883 1470 uno
896 1407 967 1470 loco
985 1403 1157 1486 publicum

169 1499 266 1581 possit
278 1498 398 1562 absolvi
409 1500 450 1562 ab
460 1499 618 1580 Episcopo
627 1498 757 1562 alteriue
771 1497 831 1560 loci
845 1494 900 1559 ubi
915 1503 962 1558 est
973 1491 1157 1556 occultum:

169 1586 376 1668 probabiliter
395 1587 581 1662 affirmatur,
598 1586 772 1652 dummodo
791 1585 879 1648 locus
896 1583 950 1646 ubi
967 1582 1089 1645 crimen
1112 1595 1161 1650 est

170 1683 282 1738 notum
303 1676 347 1738 ita
370 1675 475 1753 distet,
496 1687 532 1740 ut
552 1694 616 1741 nou
634 1677 674 1740 sit
688 1677 784 1740 timor
798 1670 885 1752 nubd
907 1670 1091 1756 publicetur
1106 1669 1162 1733 ubi

170 1773 216 1826 cst
228 1764 401 1830 occultum.
417 1765 463 1842 (S.
480 1765 623 1848 Lignor,
635 1765 691 1828 lib.
709 1764 739 1839 7,
756 1767 792 1826 n⁰
806 1761 870 1844 78.)

209 1869 300 1934 6450.
316 1871 451 1936 Nomine
461 1883 566 1936 autem
583 1872 813 1954 Episcoperum
828 1867 945 1952 quibus
957 1865 1160 1950 privilegium

171 1979 358 2025 concessum
373 1969 420 2025 est
434 1961 451 2026 9
466 1961 652 2024 Tridentino
666 1979 729 2024 non
748 1959 880 2022 veniunt
901 1955 1039 2036 amplius
1055 1955 1160 2018 Abba·

173 2059 218 2112 tes
242 2058 274 2112 et
299 2050 352 2112 alii
378 2050 634 2130 jurisdictionem
663 2047 884 2132 Episcopalem
913 2044 1090 2108 habentes:
1112 2043 1158 2109 lta

173 2137 264 2201 Bulla
279 2139 455 2219 Apostolicoe
469 2137 565 2201 Sedis.
581 2136 617 2200 V.
634 2157 740 2218 supra,
757 2147 793 2198 n·
808 2135 884 2197 tues
901 2191 907 2204 ,

220 2230 311 2287 etet.
322 2228 412 2288 Juxta
424 2224 666 2286 communiorem
677 2241 713 2285 ac
725 2221 958 2304 probabiliorem
971 2229 1151 2290 seutentiam

181 2311 344 2395 Episcopus
372 2317 469 2394 potest
492 2311 524 2372 in
552 2309 819 2393 irregularitatibus
846 2317 876 2373 et
902 2311 1142 2393 suspensionibus

180 2401 305 2464 occultis
318 2401 492 2483 dispensare
505 2401 577 2467 cum
591 2419 647 2464 suo
661 2399 781 2463 subdite
794 2399 847 2482 qui
861 2406 996 2470 versatur
1010 2399 1040 2462 in
1053 2399 1143 2465 alieni

181 2489 323 2567 dioecesi,
344 2490 415 2572 quia
428 2489 543 2552 absenti
563 2489 748 2572 dispensatio
762 2494 861 2570 potest
882 2487 1018 2552 concedi.
1038 2489 1145 2554 Dicitur

181 2579 304 2660 quidem
324 2580 355 2640 in
369 2578 491 2660 praeiato
504 2579 601 2660 cupite
614 2579 732 2656 Liceat,
752 2577 783 2638 in
798 2577 911 2640 diecesi
923 2577 975 2640 eui
990 2597 1001 2637 :
1014 2573 1068 2659 sed
1082 2597 1148 2660 par·

181 2668 271 2728 ticula
285 2668 355 2730 satis
367 2666 537 2728 verificetur
558 2666 682 2748 quando
703 2664 749 2728 vel
773 2665 940 2747 Episcopus
954 2665 1000 2728 vel
1014 2665 1148 2731 subditus

182 2755 279 2816 existit
293 2755 323 2816 in
343 2754 464 2836 proprie
485 2753 622 2829 dioecesi3
642 2760 673 2816 et
693 2754 816 2835 insuper
838 2751 905 2818 heo
921 2753 1012 2816 verbu
1025 2764 1149 2836 possunt

180 2841 306 2923 intelligi
318 2842 356 2904 de
370 2842 440 2904 solis
453 2843 565 2904 casibus
578 2843 749 2918 reservatis,
764 2849 798 2904 ut
811 2849 970 2906 contextus
983 2845 1054 2905 satis
1066 2845 1146 2908 erin-

181 2930 244 2994 cit:
265 2950 301 2992 ex
316 2948 377 3011 quo
397 2937 534 2993 auctores
554 2930 687 2994 intemnt
704 2930 787 3014 quud
808 2931 925 2994 etiarnsi
947 2938 1075 3015 uterque
1088 2937 1147 2998 tem

180 3019 348 3102 Episcopus
361 3020 452 3100 quern
467 3017 619 3097 subditus,
635 3021 694 3082 sint
707 3027 789 3083 extra
802 3018 975 3100 dioecesim,
1001 3021 1078 3084 bene
1092 3041 1145 3104 po-

180 3107 248 3172 terit
263 3107 428 3189 Episcopus
441 3105 615 3189 dispenstue
625 3127 716 3190 super
727 3107 946 3189 irregularitate
954 3115 986 3172 et
998 3110 1146 3176 absolvere

180 3197 199 3259 e
212 3195 471 3278 suspensionibus

221 3310 310 3369 6459.
338 3327 353 3364 r
375 3307 456 3368 Bene
470 3313 571 3369 autem
585 3306 709 3370 advertit
729 3309 874 3372 Peleus...
889 3309 1073 3392 Episcopum
1087 3330 1143 3375 non

181 3417 196 3454 u
220 3413 309 3476 posse
330 3395 503 3477 dispensare
524 3397 555 3458 in
579 3397 869 3478 irregularitatum,
890 3399 936 3462 vel
956 3397 1106 3462 absolvere
1127 3403 1142 3464 l

181 3483 469 3562 »suspensionibus
502 3484 626 3568 (Papo)
660 3487 832 3565 reservatis,
869 3505 940 3550 curn
974 3487 1142 3570 alienigenis

182 3591 197 3626 ι
219 3569 337 3632 etiarnsi
351 3571 408 3652 ipsi
421 3571 552 3635 habeant
564 3574 854 3654 quasi-domicilium
869 3577 902 3636 in
913 3579 968 3638 sut
978 3575 1097 3639 dioecesi
1110 3595 1140 3640 ex
