<?xml version="1.0" encoding="UTF-8"?>
<!DOCTYPE html PUBLIC "-//W3C//DTD XHTML 1.0 Transitional//EN"
    "http://www.w3.org/TR/xhtml1/DTD/xhtml1-transitional.dtd">
<html xmlns="http://www.w3.org/1999/xhtml" xml:lang="en" lang="en">
 <head>
  <title>
</title>
<meta http-equiv="Content-Type" content="text/html;charset=utf-8" />
  <meta name='ocr-system' content='tesseract 3.04.00' />
  <meta name='ocr-capabilities' content='ocr_page ocr_carea ocr_par ocr_line ocrx_word'/>
</head>
<body>
  <div class='ocr_page' id='page_1' title='image "./manualetotiusju02craigoog_0189.png"; bbox 0 0 2452 3984; ppageno 0'>
   <div class='ocr_carea' id='block_1_1' title="bbox 227 217 974 288">
    <p class='ocr_par' dir='ltr' id='par_1_1' title="bbox 227 217 974 288">
     <span class='ocr_line' id='line_1_1' title="bbox 227 217 974 288; baseline 0.004 -4"><span class='ocrx_word' id='word_1_1' title='bbox 227 217 284 284; x_wconf 83' lang='grc'>180</span> <span class='ocrx_word' id='word_1_2' title='bbox 443 239 582 286; x_wconf 77' lang='lat' dir='ltr'>narrans</span> <span class='ocrx_word' id='word_1_3' title='bbox 602 237 704 288; x_wconf 86' lang='lat' dir='ltr'>rorrus</span> <span class='ocrx_word' id='word_1_4' title='bbox 723 234 805 287; x_wconf 80' lang='lat' dir='ltr'>rurus</span> <span class='ocrx_word' id='word_1_5' title='bbox 825 235 974 287; x_wconf 76' lang='lat' dir='ltr'>canonum.</span> 
     </span>
    </p>
   </div>
   <div class='ocr_carea' id='block_1_2' title="bbox 339 488 1072 700">
    <p class='ocr_par' dir='ltr' id='par_1_2' title="bbox 339 488 1072 700">
     <span class='ocr_line' id='line_1_2' title="bbox 592 488 825 559; baseline -0.009 0"><span class='ocrx_word' id='word_1_6' title='bbox 592 488 740 559; x_wconf 78' lang='lat' dir='ltr'>CAPUT</span> <span class='ocrx_word' id='word_1_7' title='bbox 763 489 825 557; x_wconf 84' lang='lat' dir='ltr'>IV.</span> 
     </span>
     <span class='ocr_line' id='line_1_3' title="bbox 339 643 1072 700; baseline -0.007 0"><span class='ocrx_word' id='word_1_8' title='bbox 339 645 385 700; x_wconf 83' lang='lat' dir='ltr'>un</span> <span class='ocrx_word' id='word_1_9' title='bbox 407 645 567 698; x_wconf 78' lang='lat' dir='ltr'>succusso</span> <span class='ocrx_word' id='word_1_10' title='bbox 588 646 757 698; x_wconf 80' lang='lat' dir='ltr'>cnnnrmr</span> <span class='ocrx_word' id='word_1_11' title='bbox 781 643 1072 698; x_wconf 84' lang='lat' dir='ltr'>nnrmonnrmnro.</span> 
     </span>
    </p>
   </div>
   <div class='ocr_carea' id='block_1_3' title="bbox 224 785 1171 1405">
    <p class='ocr_par' dir='ltr' id='par_1_3' title="bbox 226 785 1167 1051">
     <span class='ocr_line' id='line_1_4' title="bbox 264 785 1164 873; baseline -0.009 -19"><span class='ocrx_word' id='word_1_12' title='bbox 264 793 353 854; x_wconf 68' lang='lat'>5996.</span> <span class='ocrx_word' id='word_1_13' title='bbox 366 792 424 853; x_wconf 86' lang='lat' dir='ltr'>Per</span> <span class='ocrx_word' id='word_1_14' title='bbox 436 807 610 873; x_wconf 82' lang='lat' dir='ltr'>processum</span> <span class='ocrx_word' id='word_1_15' title='bbox 624 789 813 853; x_wconf 81' lang='lat' dir='ltr'>criminalem</span> <span class='ocrx_word' id='word_1_16' title='bbox 828 789 1091 854; x_wconf 84' lang='lat' dir='ltr'>extraordinarium</span> <span class='ocrx_word' id='word_1_17' title='bbox 1103 785 1164 849; x_wconf 84' lang='lat' dir='ltr'>intet-</span> 
     </span>
     <span class='ocr_line' id='line_1_5' title="bbox 226 877 1166 962; baseline -0.007 -20"><span class='ocrx_word' id='word_1_18' title='bbox 226 879 327 962; x_wconf 81' lang='lat' dir='ltr'>iigitur</span> <span class='ocrx_word' id='word_1_19' title='bbox 341 880 390 942; x_wconf 87' lang='lat' dir='ltr'>iile</span> <span class='ocrx_word' id='word_1_20' title='bbox 410 881 516 962; x_wconf 84' lang='lat' dir='ltr'>inquo</span> <span class='ocrx_word' id='word_1_21' title='bbox 532 879 582 959; x_wconf 82' lang='lat' dir='ltr'>jus</span> <span class='ocrx_word' id='word_1_22' title='bbox 595 880 778 942; x_wconf 89' lang='lat' dir='ltr'>canonicum</span> <span class='ocrx_word' id='word_1_23' title='bbox 792 879 937 962; x_wconf 86' lang='lat' dir='ltr'>permittit</span> <span class='ocrx_word' id='word_1_24' title='bbox 955 883 990 941; x_wconf 86' lang='lat' dir='ltr'>ut</span> <span class='ocrx_word' id='word_1_25' title='bbox 1012 897 1071 942; x_wconf 92' lang='lat' dir='ltr'>non</span> <span class='ocrx_word' id='word_1_26' title='bbox 1088 877 1166 939; x_wconf 73' lang='lat' dir='ltr'>obser</span> 
     </span>
     <span class='ocr_line' id='line_1_6' title="bbox 226 965 1167 1051; baseline -0.01 -19"><span class='ocrx_word' id='word_1_27' title='bbox 226 975 332 1032; x_wconf 80' lang='lat' dir='ltr'>rentur</span> <span class='ocrx_word' id='word_1_28' title='bbox 345 987 451 1032; x_wconf 90' lang='lat' dir='ltr'>omnes</span> <span class='ocrx_word' id='word_1_29' title='bbox 461 968 664 1032; x_wconf 73' lang='lat' dir='ltr'><strong>solemnitates</strong></span> <span class='ocrx_word' id='word_1_30' title='bbox 678 968 708 1030; x_wconf 94' lang='lat' dir='ltr'>in</span> <span class='ocrx_word' id='word_1_31' title='bbox 721 969 818 1050; x_wconf 88' lang='lat' dir='ltr'>capite</span> <span class='ocrx_word' id='word_1_32' title='bbox 831 967 1012 1051; x_wconf 87' lang='lat' dir='ltr'>praecedenti</span> <span class='ocrx_word' id='word_1_33' title='bbox 1026 965 1167 1046; x_wconf 85' lang='lat' dir='ltr'>descripta.</span> 
     </span>
    </p>

    <p class='ocr_par' dir='ltr' id='par_1_4' title="bbox 224 1051 1171 1405">
     <span class='ocr_line' id='line_1_7' title="bbox 265 1051 1170 1140; baseline -0.009 -19"><span class='ocrx_word' id='word_1_34' title='bbox 265 1059 398 1130; x_wconf 83' lang='lat' dir='ltr'>Quatuor</span> <span class='ocrx_word' id='word_1_35' title='bbox 417 1057 536 1119; x_wconf 88' lang='lat' dir='ltr'>illorum</span> <span class='ocrx_word' id='word_1_36' title='bbox 550 1057 666 1140; x_wconf 91' lang='lat' dir='ltr'>species</span> <span class='ocrx_word' id='word_1_37' title='bbox 681 1065 880 1120; x_wconf 83' lang='lat' dir='ltr'><strong>numerantur</strong></span> <span class='ocrx_word' id='word_1_38' title='bbox 896 1075 904 1118; x_wconf 74' lang='grc' dir='ltr'><strong><em>ε</em></strong></span> <span class='ocrx_word' id='word_1_39' title='bbox 920 1061 950 1119; x_wconf 74' lang='grc'>1·</span> <span class='ocrx_word' id='word_1_40' title='bbox 966 1073 1117 1139; x_wconf 76' lang='lat' dir='ltr'>processus</span> <span class='ocrx_word' id='word_1_41' title='bbox 1127 1051 1170 1114; x_wconf 90' lang='lat' dir='ltr'>cri·</span> 
     </span>
     <span class='ocr_line' id='line_1_8' title="bbox 224 1141 1169 1228; baseline -0.006 -20"><span class='ocrx_word' id='word_1_42' title='bbox 224 1147 345 1208; x_wconf 82' lang='lat' dir='ltr'>minatis</span> <span class='ocrx_word' id='word_1_43' title='bbox 359 1165 395 1208; x_wconf 87' lang='lat' dir='ltr'>ex</span> <span class='ocrx_word' id='word_1_44' title='bbox 409 1145 539 1221; x_wconf 82' lang='lat' dir='ltr'>aetori03</span> <span class='ocrx_word' id='word_1_45' title='bbox 556 1150 589 1207; x_wconf 72' lang='lat'>2⁰</span> <span class='ocrx_word' id='word_1_46' title='bbox 606 1164 766 1228; x_wconf 78' lang='lat' dir='ltr'>processus</span> <span class='ocrx_word' id='word_1_47' title='bbox 779 1146 980 1222; x_wconf 89' lang='lat' dir='ltr'>summarius;</span> <span class='ocrx_word' id='word_1_48' title='bbox 996 1149 1028 1208; x_wconf 82' lang='lat'>3·</span> <span class='ocrx_word' id='word_1_49' title='bbox 1043 1141 1169 1208; x_wconf 85' lang='lat' dir='ltr'>sententia</span> 
     </span>
     <span class='ocr_line' id='line_1_9' title="bbox 225 1233 1171 1318; baseline -0.006 -22"><span class='ocrx_word' id='word_1_50' title='bbox 225 1253 261 1296; x_wconf 87' lang='lat' dir='ltr'>ex</span> <span class='ocrx_word' id='word_1_51' title='bbox 275 1233 432 1296; x_wconf 77' lang='lat' dir='ltr'>informata</span> <span class='ocrx_word' id='word_1_52' title='bbox 443 1234 645 1311; x_wconf 77' lang='lat' dir='ltr'>conscientia3</span> <span class='ocrx_word' id='word_1_53' title='bbox 660 1237 692 1296; x_wconf 74' lang='lat'>4⁰</span> <span class='ocrx_word' id='word_1_54' title='bbox 706 1253 864 1317; x_wconf 86' lang='lat' dir='ltr'>processus</span> <span class='ocrx_word' id='word_1_55' title='bbox 875 1233 1082 1318; x_wconf 88' lang='lat' dir='ltr'>inquisitorius</span> <span class='ocrx_word' id='word_1_56' title='bbox 1090 1235 1171 1296; x_wconf 74' lang='lat' dir='ltr'>conus</span> 
     </span>
     <span class='ocr_line' id='line_1_10' title="bbox 226 1321 600 1405; baseline 0.005 -21"><span class='ocrx_word' id='word_1_57' title='bbox 226 1321 396 1386; x_wconf 74' lang='lat' dir='ltr'>hereticam</span> <span class='ocrx_word' id='word_1_58' title='bbox 411 1323 600 1405; x_wconf 80' lang='lat' dir='ltr'>pravitatem.</span> 
     </span>
    </p>
   </div>
   <div class='ocr_carea' id='block_1_4' title="bbox 523 1481 901 1673">
    <p class='ocr_par' dir='ltr' id='par_1_5' title="bbox 523 1481 901 1673">
     <span class='ocr_line' id='line_1_11' title="bbox 584 1481 768 1548; baseline 0 0"><span class='ocrx_word' id='word_1_59' title='bbox 584 1542 587 1548; x_wconf 93' lang='grc'><em>,</em></span> <span class='ocrx_word' id='word_1_60' title='bbox 642 1482 723 1546; x_wconf 74' lang='lat' dir='ltr'>aar.</span> <span class='ocrx_word' id='word_1_61' title='bbox 747 1481 768 1548; x_wconf 90' lang='grc' dir='ltr'>Ι.</span> 
     </span>
     <span class='ocr_line' id='line_1_12' title="bbox 523 1623 901 1673; baseline -0.003 0"><span class='ocrx_word' id='word_1_62' title='bbox 523 1623 684 1673; x_wconf 79' lang='lat' dir='ltr'>succussus</span> <span class='ocrx_word' id='word_1_63' title='bbox 704 1626 742 1671; x_wconf 82' lang='lat' dir='ltr'>nx</span> <span class='ocrx_word' id='word_1_64' title='bbox 763 1623 901 1672; x_wconf 83' lang='lat' dir='ltr'>neroum.</span> 
     </span>
    </p>
   </div>
   <div class='ocr_carea' id='block_1_5' title="bbox 174 1763 1187 3180">
    <p class='ocr_par' dir='ltr' id='par_1_6' title="bbox 228 1763 1175 1936">
     <span class='ocr_line' id='line_1_13' title="bbox 266 1763 1175 1847; baseline -0.007 -19"><span class='ocrx_word' id='word_1_65' title='bbox 266 1768 356 1831; x_wconf 82' lang='grc'><strong>5997.</strong></span> <span class='ocrx_word' id='word_1_66' title='bbox 371 1765 489 1847; x_wconf 85' lang='lat' dir='ltr'>Duplici</span> <span class='ocrx_word' id='word_1_67' title='bbox 504 1763 595 1828; x_wconf 91' lang='lat' dir='ltr'>modo</span> <span class='ocrx_word' id='word_1_68' title='bbox 608 1763 753 1826; x_wconf 86' lang='lat' dir='ltr'>delictum</span> <span class='ocrx_word' id='word_1_69' title='bbox 769 1769 946 1846; x_wconf 84' lang='lat' dir='ltr'>potestesse</span> <span class='ocrx_word' id='word_1_70' title='bbox 959 1763 1119 1841; x_wconf 81' lang='lat' dir='ltr'>notorium,</span> <span class='ocrx_word' id='word_1_71' title='bbox 1135 1777 1175 1824; x_wconf 84' lang='lat' dir='ltr'>no</span> 
     </span>
     <span class='ocr_line' id='line_1_14' title="bbox 228 1851 902 1936; baseline -0.003 -19"><span class='ocrx_word' id='word_1_72' title='bbox 228 1854 362 1918; x_wconf 87' lang='lat' dir='ltr'>torietate</span> <span class='ocrx_word' id='word_1_73' title='bbox 368 1853 454 1936; x_wconf 83' lang='lat' dir='ltr'>juris</span> <span class='ocrx_word' id='word_1_74' title='bbox 467 1871 578 1935; x_wconf 87' lang='lat' dir='ltr'>nempe</span> <span class='ocrx_word' id='word_1_75' title='bbox 591 1859 621 1916; x_wconf 92' lang='lat' dir='ltr'>et</span> <span class='ocrx_word' id='word_1_76' title='bbox 634 1853 812 1915; x_wconf 85' lang='lat' dir='ltr'>notorietute</span> <span class='ocrx_word' id='word_1_77' title='bbox 821 1851 902 1915; x_wconf 79' lang='lat' dir='ltr'>iacti.</span> 
     </span>
    </p>

    <p class='ocr_par' dir='ltr' id='par_1_7' title="bbox 174 1938 1186 3086">
     <span class='ocr_line' id='line_1_15' title="bbox 267 1938 1177 2024; baseline -0.011 -18"><span class='ocrx_word' id='word_1_78' title='bbox 267 1943 424 2006; x_wconf 90' lang='lat' dir='ltr'>Notorium</span> <span class='ocrx_word' id='word_1_79' title='bbox 444 1949 489 2006; x_wconf 88' lang='lat' dir='ltr'>est</span> <span class='ocrx_word' id='word_1_80' title='bbox 511 1941 655 2006; x_wconf 86' lang='lat' dir='ltr'>delictum</span> <span class='ocrx_word' id='word_1_81' title='bbox 672 1940 846 2004; x_wconf 79' lang='lat' dir='ltr'>notorietate</span> <span class='ocrx_word' id='word_1_82' title='bbox 859 1939 946 2022; x_wconf 81' lang='lat' dir='ltr'>juris</span> <span class='ocrx_word' id='word_1_83' title='bbox 963 1941 1088 2024; x_wconf 64' lang='lat' dir='ltr'>mando</span> <span class='ocrx_word' id='word_1_84' title='bbox 1104 1938 1177 2022; x_wconf 83' lang='lat' dir='ltr'>ipsius</span> 
     </span>
     <span class='ocr_line' id='line_1_16' title="bbox 228 2029 1178 2112; baseline -0.009 -16"><span class='ocrx_word' id='word_1_85' title='bbox 228 2032 390 2096; x_wconf 86' lang='lat' dir='ltr'>notorietas</span> <span class='ocrx_word' id='word_1_86' title='bbox 406 2051 443 2094; x_wconf 84' lang='lat' dir='ltr'>ex</span> <span class='ocrx_word' id='word_1_87' title='bbox 457 2031 523 2112; x_wconf 91' lang='lat' dir='ltr'>ipso</span> <span class='ocrx_word' id='word_1_88' title='bbox 539 2029 654 2110; x_wconf 77' lang='lat' dir='ltr'>iudicio</span> <span class='ocrx_word' id='word_1_89' title='bbox 674 2031 790 2107; x_wconf 88' lang='lat' dir='ltr'>oritur,</span> <span class='ocrx_word' id='word_1_90' title='bbox 815 2047 927 2112; x_wconf 90' lang='lat' dir='ltr'>nempe</span> <span class='ocrx_word' id='word_1_91' title='bbox 940 2031 987 2094; x_wconf 87' lang='lat' dir='ltr'>vei</span> <span class='ocrx_word' id='word_1_92' title='bbox 1008 2049 1066 2112; x_wconf 91' lang='lat' dir='ltr'>per</span> <span class='ocrx_word' id='word_1_93' title='bbox 1082 2034 1178 2112; x_wconf 85' lang='lat' dir='ltr'>sponta-</span> 
     </span>
     <span class='ocr_line' id='line_1_17' title="bbox 228 2117 1178 2198; baseline -0.005 -14"><span class='ocrx_word' id='word_1_94' title='bbox 228 2139 317 2184; x_wconf 89' lang='lat' dir='ltr'>neam</span> <span class='ocrx_word' id='word_1_95' title='bbox 328 2119 547 2184; x_wconf 83' lang='lat' dir='ltr'>coniessionem</span> <span class='ocrx_word' id='word_1_96' title='bbox 558 2119 601 2181; x_wconf 90' lang='lat' dir='ltr'>rei</span> <span class='ocrx_word' id='word_1_97' title='bbox 613 2118 644 2180; x_wconf 93' lang='lat' dir='ltr'>in</span> <span class='ocrx_word' id='word_1_98' title='bbox 655 2118 770 2198; x_wconf 79' lang='lat' dir='ltr'>iudicio</span> <span class='ocrx_word' id='word_1_99' title='bbox 778 2117 888 2181; x_wconf 83' lang='lat' dir='ltr'>factam</span> <span class='ocrx_word' id='word_1_100' title='bbox 898 2125 928 2182; x_wconf 87' lang='lat' dir='ltr'>et</span> <span class='ocrx_word' id='word_1_101' title='bbox 941 2137 1004 2182; x_wconf 93' lang='lat' dir='ltr'>non</span> <span class='ocrx_word' id='word_1_102' title='bbox 1019 2125 1178 2182; x_wconf 80' lang='lat' dir='ltr'>revocatam.</span> 
     </span>
     <span class='ocr_line' id='line_1_18' title="bbox 227 2203 1180 2290; baseline -0.012 -18"><span class='ocrx_word' id='word_1_103' title='bbox 227 2211 271 2272; x_wconf 87' lang='lat' dir='ltr'>rel</span> <span class='ocrx_word' id='word_1_104' title='bbox 286 2227 340 2290; x_wconf 88' lang='lat' dir='ltr'>per</span> <span class='ocrx_word' id='word_1_105' title='bbox 354 2207 544 2290; x_wconf 85' lang='lat' dir='ltr'>probationes</span> <span class='ocrx_word' id='word_1_106' title='bbox 557 2207 732 2288; x_wconf 84' lang='lat' dir='ltr'>judiciales,</span> <span class='ocrx_word' id='word_1_107' title='bbox 747 2207 793 2270; x_wconf 86' lang='lat' dir='ltr'>vel</span> <span class='ocrx_word' id='word_1_108' title='bbox 808 2225 863 2290; x_wconf 86' lang='lat' dir='ltr'>per</span> <span class='ocrx_word' id='word_1_109' title='bbox 876 2207 1058 2270; x_wconf 86' lang='lat' dir='ltr'>sententiam</span> <span class='ocrx_word' id='word_1_110' title='bbox 1071 2203 1180 2270; x_wconf 86' lang='lat' dir='ltr'>definiti·</span> 
     </span>
     <span class='ocr_line' id='line_1_19' title="bbox 226 2291 1180 2379; baseline -0.01 -20"><span class='ocrx_word' id='word_1_111' title='bbox 226 2315 295 2360; x_wconf 90' lang='lat' dir='ltr'>vam</span> <span class='ocrx_word' id='word_1_112' title='bbox 309 2315 377 2379; x_wconf 86' lang='lat' dir='ltr'>quae</span> <span class='ocrx_word' id='word_1_113' title='bbox 391 2295 508 2357; x_wconf 87' lang='lat' dir='ltr'>transiit</span> <span class='ocrx_word' id='word_1_114' title='bbox 527 2297 559 2355; x_wconf 85' lang='lat' dir='ltr'>r&#39;n</span> <span class='ocrx_word' id='word_1_115' title='bbox 581 2315 643 2357; x_wconf 82' lang='lat' dir='ltr'>rem</span> <span class='ocrx_word' id='word_1_116' title='bbox 651 2295 839 2376; x_wconf 79' lang='lat' dir='ltr'>judicatam,</span> <span class='ocrx_word' id='word_1_117' title='bbox 864 2295 918 2358; x_wconf 88' lang='lat' dir='ltr'>etsi</span> <span class='ocrx_word' id='word_1_118' title='bbox 940 2295 1042 2360; x_wconf 81' lang='lat' dir='ltr'>solium</span> <span class='ocrx_word' id='word_1_119' title='bbox 1066 2291 1180 2358; x_wconf 86' lang='lat' dir='ltr'>criminis</span> 
     </span>
     <span class='ocr_line' id='line_1_20' title="bbox 229 2383 1183 2468; baseline -0.008 -22"><span class='ocrx_word' id='word_1_120' title='bbox 229 2386 272 2448; x_wconf 81' lang='lat' dir='ltr'>rel</span> <span class='ocrx_word' id='word_1_121' title='bbox 292 2402 390 2468; x_wconf 81' lang='lat' dir='ltr'>poenae</span> <span class='ocrx_word' id='word_1_122' title='bbox 412 2383 648 2448; x_wconf 87' lang='lat' dir='ltr'>declaratoriam.</span> <span class='ocrx_word' id='word_1_123' title='bbox 678 2385 835 2448; x_wconf 89' lang='lat' dir='ltr'>Notorium</span> <span class='ocrx_word' id='word_1_124' title='bbox 857 2385 928 2448; x_wconf 79' lang='lat' dir='ltr'>vero</span> <span class='ocrx_word' id='word_1_125' title='bbox 955 2391 1001 2447; x_wconf 88' lang='lat' dir='ltr'>est</span> <span class='ocrx_word' id='word_1_126' title='bbox 1027 2385 1183 2448; x_wconf 82' lang='lat' dir='ltr'>notorietetr</span> 
     </span>
     <span class='ocr_line' id='line_1_21' title="bbox 174 2469 1183 2557; baseline -0.008 -21"><span class='ocrx_word' id='word_1_127' title='bbox 174 2546 178 2552; x_wconf 28' lang='lat'>¹</span> <span class='ocrx_word' id='word_1_128' title='bbox 227 2473 320 2557; x_wconf 76' lang='lat' dir='ltr'>facti,</span> <span class='ocrx_word' id='word_1_129' title='bbox 335 2474 360 2536; x_wconf 90' lang='lat' dir='ltr'>si</span> <span class='ocrx_word' id='word_1_130' title='bbox 374 2480 578 2556; x_wconf 87' lang='lat' dir='ltr'>perpetratum</span> <span class='ocrx_word' id='word_1_131' title='bbox 592 2473 681 2536; x_wconf 85' lang='lat' dir='ltr'>suerit</span> <span class='ocrx_word' id='word_1_132' title='bbox 695 2473 726 2535; x_wconf 93' lang='lat' dir='ltr'>in</span> <span class='ocrx_word' id='word_1_133' title='bbox 745 2473 840 2538; x_wconf 89' lang='lat' dir='ltr'>oculis</span> <span class='ocrx_word' id='word_1_134' title='bbox 853 2473 900 2537; x_wconf 87' lang='lat' dir='ltr'>vel</span> <span class='ocrx_word' id='word_1_135' title='bbox 913 2472 1004 2536; x_wconf 89' lang='lat' dir='ltr'>totius</span> <span class='ocrx_word' id='word_1_136' title='bbox 1018 2474 1066 2536; x_wconf 86' lang='lat' dir='ltr'>vel</span> <span class='ocrx_word' id='word_1_137' title='bbox 1080 2469 1183 2550; x_wconf 80' lang='lat' dir='ltr'>maioris</span> 
     </span>
     <span class='ocr_line' id='line_1_22' title="bbox 227 2561 1185 2648; baseline -0.006 -22"><span class='ocrx_word' id='word_1_138' title='bbox 227 2565 319 2648; x_wconf 89' lang='lat' dir='ltr'>partis</span> <span class='ocrx_word' id='word_1_139' title='bbox 332 2564 459 2643; x_wconf 86' lang='lat' dir='ltr'>aiicujus</span> <span class='ocrx_word' id='word_1_140' title='bbox 480 2563 722 2642; x_wconf 80' lang='lat' dir='ltr'>communitatis,</span> <span class='ocrx_word' id='word_1_141' title='bbox 745 2562 909 2645; x_wconf 73' lang='lat' dir='ltr'>parochie,</span> <span class='ocrx_word' id='word_1_142' title='bbox 925 2561 1061 2644; x_wconf 82' lang='lat' dir='ltr'>collegii,</span> <span class='ocrx_word' id='word_1_143' title='bbox 1077 2567 1133 2626; x_wconf 84' lang='lat' dir='ltr'>etc.</span> <span class='ocrx_word' id='word_1_144' title='bbox 1144 2577 1152 2620; x_wconf 77' lang='lat' dir='ltr'>t</span> <span class='ocrx_word' id='word_1_145' title='bbox 1164 2563 1185 2617; x_wconf 88' lang='lat' dir='ltr'>rt</span> 
     </span>
     <span class='ocr_line' id='line_1_23' title="bbox 229 2648 1185 2734; baseline -0.013 -18"><span class='ocrx_word' id='word_1_146' title='bbox 229 2653 313 2716; x_wconf 79' lang='lat' dir='ltr'>nulla</span> <span class='ocrx_word' id='word_1_147' title='bbox 332 2653 575 2733; x_wconf 80' lang='lat' dir='ltr'>tergiversatione</span> <span class='ocrx_word' id='word_1_148' title='bbox 595 2651 730 2715; x_wconf 86' lang='lat' dir='ltr'>excusari</span> <span class='ocrx_word' id='word_1_149' title='bbox 752 2651 856 2734; x_wconf 89' lang='lat' dir='ltr'>possit.</span> <span class='ocrx_word' id='word_1_150' title='bbox 874 2649 947 2714; x_wconf 90' lang='lat' dir='ltr'>Vide</span> <span class='ocrx_word' id='word_1_151' title='bbox 969 2649 1093 2719; x_wconf 87' lang='lat' dir='ltr'>illorum</span> <span class='ocrx_word' id='word_1_152' title='bbox 1105 2648 1185 2711; x_wconf 83' lang='lat' dir='ltr'>varias</span> 
     </span>
     <span class='ocr_line' id='line_1_24' title="bbox 229 2737 1186 2822; baseline -0.009 -20"><span class='ocrx_word' id='word_1_153' title='bbox 229 2741 344 2822; x_wconf 84' lang='lat' dir='ltr'>speeies</span> <span class='ocrx_word' id='word_1_154' title='bbox 364 2747 393 2802; x_wconf 87' lang='lat' dir='ltr'>et</span> <span class='ocrx_word' id='word_1_155' title='bbox 413 2740 601 2804; x_wconf 90' lang='lat' dir='ltr'>conditiones</span> <span class='ocrx_word' id='word_1_156' title='bbox 622 2740 703 2822; x_wconf 86' lang='lat' dir='ltr'>apud</span> <span class='ocrx_word' id='word_1_157' title='bbox 724 2737 990 2821; x_wconf 81' lang='lat' dir='ltr'>Schmaizgruebcr</span> <span class='ocrx_word' id='word_1_158' title='bbox 1010 2743 1028 2802; x_wconf 74' lang='lat' dir='ltr'>u</span> <span class='ocrx_word' id='word_1_159' title='bbox 1049 2743 1089 2803; x_wconf 86' lang='lat' dir='ltr'>D.</span> <span class='ocrx_word' id='word_1_160' title='bbox 1105 2737 1186 2800; x_wconf 78' lang='lat' dir='ltr'>Bonis</span> 
     </span>
     <span class='ocr_line' id='line_1_25' title="bbox 227 2825 1185 2911; baseline -0.006 -21"><span class='ocrx_word' id='word_1_161' title='bbox 227 2829 354 2892; x_wconf 85' lang='lat' dir='ltr'>relatum</span> <span class='ocrx_word' id='word_1_162' title='bbox 374 2828 439 2908; x_wconf 65' lang='lat' dir='ltr'>tib„</span> <span class='ocrx_word' id='word_1_163' title='bbox 461 2848 493 2911; x_wconf 92' lang='lat' dir='ltr'>p.</span> <span class='ocrx_word' id='word_1_164' title='bbox 518 2833 588 2906; x_wconf 76' lang='lat'><strong>295,</strong></span> <span class='ocrx_word' id='word_1_165' title='bbox 608 2829 680 2910; x_wconf 90' lang='lat' dir='ltr'>etc.)</span> <span class='ocrx_word' id='word_1_166' title='bbox 700 2835 730 2892; x_wconf 85' lang='lat' dir='ltr'>et</span> <span class='ocrx_word' id='word_1_167' title='bbox 742 2828 824 2911; x_wconf 91' lang='lat' dir='ltr'>apud</span> <span class='ocrx_word' id='word_1_168' title='bbox 843 2828 987 2892; x_wconf 88' lang='lat' dir='ltr'>Stremler</span> <span class='ocrx_word' id='word_1_169' title='bbox 1005 2827 1076 2908; x_wconf 82' lang='lat' dir='ltr'>(Des</span> <span class='ocrx_word' id='word_1_170' title='bbox 1097 2825 1185 2892; x_wconf 71' lang='lat' dir='ltr'>Petra</span> 
     </span>
     <span class='ocr_line' id='line_1_26' title="bbox 226 2909 1186 3000; baseline -0.009 -18"><span class='ocrx_word' id='word_1_171' title='bbox 226 2917 395 2994; x_wconf 72' lang='lat' dir='ltr'>ecclesiast,</span> <span class='ocrx_word' id='word_1_172' title='bbox 419 2937 451 3000; x_wconf 88' lang='lat' dir='ltr'>p.</span> <span class='ocrx_word' id='word_1_173' title='bbox 475 2917 721 2998; x_wconf 60' lang='lat' dir='ltr'>mitt-,Vide</span> <span class='ocrx_word' id='word_1_174' title='bbox 742 2917 822 2981; x_wconf 85' lang='lat' dir='ltr'>dictu</span> <span class='ocrx_word' id='word_1_175' title='bbox 841 2935 931 3000; x_wconf 83' lang='lat' dir='ltr'>supra</span> <span class='ocrx_word' id='word_1_176' title='bbox 952 2919 1041 2996; x_wconf 72' lang='grc'>1191,</span> <span class='ocrx_word' id='word_1_177' title='bbox 1066 2916 1100 2979; x_wconf 81' lang='lat' dir='ltr'>ia</span> <span class='ocrx_word' id='word_1_178' title='bbox 1120 2909 1186 2984; x_wconf 82' lang='lat' dir='ltr'>noti,</span> 
     </span>
     <span class='ocr_line' id='line_1_27' title="bbox 231 3009 432 3086; baseline -0.005 -17"><span class='ocrx_word' id='word_1_179' title='bbox 231 3010 320 3086; x_wconf 79' lang='grc'>1618,</span> <span class='ocrx_word' id='word_1_180' title='bbox 333 3009 432 3086; x_wconf 81' lang='grc'>1180).</span> 
     </span>
    </p>

    <p class='ocr_par' dir='ltr' id='par_1_8' title="bbox 267 3093 1187 3180">
     <span class='ocr_line' id='line_1_28' title="bbox 267 3093 1187 3180; baseline -0.01 -19"><span class='ocrx_word' id='word_1_181' title='bbox 267 3099 357 3161; x_wconf 77' lang='lat'>5998.</span> <span class='ocrx_word' id='word_1_182' title='bbox 370 3097 447 3159; x_wconf 85' lang='lat' dir='ltr'>Casu</span> <span class='ocrx_word' id='word_1_183' title='bbox 460 3101 564 3160; x_wconf 86' lang='lat' dir='ltr'>autem</span> <span class='ocrx_word' id='word_1_184' title='bbox 576 3114 638 3180; x_wconf 91' lang='lat' dir='ltr'>quo</span> <span class='ocrx_word' id='word_1_185' title='bbox 651 3095 850 3161; x_wconf 86' lang='lat' dir='ltr'>delictumest</span> <span class='ocrx_word' id='word_1_186' title='bbox 863 3093 1187 3176; x_wconf 72' lang='lat' dir='ltr'>notoriumjuuexmn</span> 
     </span>
    </p>
   </div>
   <div class='ocr_carea' id='block_1_6' title="bbox 132 3175 1186 3268">
    <p class='ocr_par' dir='ltr' id='par_1_9' title="bbox 132 3175 1186 3268">
     <span class='ocr_line' id='line_1_29' title="bbox 132 3175 1186 3268; baseline -0.01 -17"><span class='ocrx_word' id='word_1_187' title='bbox 132 3191 135 3196; x_wconf 87' lang='lat'>&#39;</span> <span class='ocrx_word' id='word_1_188' title='bbox 231 3186 407 3268; x_wconf 82' lang='lat' dir='ltr'>astringitur</span> <span class='ocrx_word' id='word_1_189' title='bbox 429 3183 468 3248; x_wconf 86' lang='lat' dir='ltr'>ad</span> <span class='ocrx_word' id='word_1_190' title='bbox 487 3185 707 3250; x_wconf 88' lang='lat' dir='ltr'>observandum</span> <span class='ocrx_word' id='word_1_191' title='bbox 727 3185 866 3248; x_wconf 90' lang='lat' dir='ltr'>ordinem</span> <span class='ocrx_word' id='word_1_192' title='bbox 889 3183 1096 3265; x_wconf 82' lang='lat' dir='ltr'>judiciarium.</span> <span class='ocrx_word' id='word_1_193' title='bbox 1123 3175 1186 3242; x_wconf 88' lang='lat' dir='ltr'>lllud</span> 
     </span>
    </p>
   </div>
   <div class='ocr_carea' id='block_1_7' title="bbox 227 3270 1185 3350">
    <p class='ocr_par' dir='ltr' id='par_1_10' title="bbox 227 3270 1185 3350">
     <span class='ocr_line' id='line_1_30' title="bbox 227 3270 1185 3350; baseline -0.008 -12"><span class='ocrx_word' id='word_1_194' title='bbox 227 3281 345 3338; x_wconf 86' lang='lat' dir='ltr'>constat</span> <span class='ocrx_word' id='word_1_195' title='bbox 356 3293 394 3338; x_wconf 87' lang='lat' dir='ltr'>ex</span> <span class='ocrx_word' id='word_1_196' title='bbox 408 3290 476 3337; x_wconf 85' lang='lat' dir='ltr'>een.</span> <span class='ocrx_word' id='word_1_197' title='bbox 492 3274 693 3338; x_wconf 72' lang='lat' dir='ltr'>Prohibentar</span> <span class='ocrx_word' id='word_1_198' title='bbox 707 3277 744 3337; x_wconf 78' lang='grc'>11</span> <span class='ocrx_word' id='word_1_199' title='bbox 765 3282 795 3336; x_wconf 88' lang='lat' dir='ltr'>et</span> <span class='ocrx_word' id='word_1_200' title='bbox 807 3292 875 3338; x_wconf 89' lang='lat' dir='ltr'>can.</span> <span class='ocrx_word' id='word_1_201' title='bbox 891 3271 962 3350; x_wconf 83' lang='lat' dir='ltr'>Oaoe</span> <span class='ocrx_word' id='word_1_202' title='bbox 975 3271 1134 3336; x_wconf 64' lang='lat' dir='ltr'>Lotum</span> <span class='ocrx_word' id='word_1_203' title='bbox 1146 3270 1185 3340; x_wconf 76' lang='grc'>16,</span> 
     </span>
    </p>
   </div>
   <div class='ocr_carea' id='block_1_8' title="bbox 227 3357 1188 3728">
    <p class='ocr_par' dir='ltr' id='par_1_11' title="bbox 227 3357 1188 3728">
     <span class='ocr_line' id='line_1_31' title="bbox 227 3357 1187 3446; baseline -0.003 -21"><span class='ocrx_word' id='word_1_204' title='bbox 227 3382 317 3426; x_wconf 86' lang='lat' dir='ltr'>causa</span> <span class='ocrx_word' id='word_1_205' title='bbox 331 3366 366 3441; x_wconf 70' lang='lat'>2,</span> <span class='ocrx_word' id='word_1_206' title='bbox 385 3383 417 3446; x_wconf 88' lang='lat' dir='ltr'>q.</span> <span class='ocrx_word' id='word_1_207' title='bbox 435 3366 464 3441; x_wconf 89' lang='grc'>1;</span> <span class='ocrx_word' id='word_1_208' title='bbox 480 3369 509 3426; x_wconf 85' lang='lat' dir='ltr'>et</span> <span class='ocrx_word' id='word_1_209' title='bbox 522 3381 589 3445; x_wconf 90' lang='lat' dir='ltr'>cap.</span> <span class='ocrx_word' id='word_1_210' title='bbox 605 3364 657 3427; x_wconf 83' lang='lat' dir='ltr'>Ad</span> <span class='ocrx_word' id='word_1_211' title='bbox 668 3371 798 3426; x_wconf 84' lang='lat' dir='ltr'>nostram</span> <span class='ocrx_word' id='word_1_212' title='bbox 812 3367 863 3443; x_wconf 77' lang='grc'>21,</span> <span class='ocrx_word' id='word_1_213' title='bbox 879 3361 915 3424; x_wconf 88' lang='lat' dir='ltr'>de</span> <span class='ocrx_word' id='word_1_214' title='bbox 932 3359 1145 3444; x_wconf 62' lang='lat' dir='ltr'>-chjuranda</span> <span class='ocrx_word' id='word_1_215' title='bbox 1159 3357 1187 3416; x_wconf 77' lang='lat' dir='ltr'>Et</span> 
     </span>
     <span class='ocr_line' id='line_1_32' title="bbox 228 3441 1186 3534; baseline -0.005 -25"><span class='ocrx_word' id='word_1_216' title='bbox 228 3452 301 3512; x_wconf 87' lang='lat' dir='ltr'>ratio</span> <span class='ocrx_word' id='word_1_217' title='bbox 324 3459 369 3513; x_wconf 90' lang='lat' dir='ltr'>est</span> <span class='ocrx_word' id='word_1_218' title='bbox 389 3451 460 3534; x_wconf 87' lang='lat' dir='ltr'>quia</span> <span class='ocrx_word' id='word_1_219' title='bbox 479 3451 555 3514; x_wconf 88' lang='lat' dir='ltr'>ordo</span> <span class='ocrx_word' id='word_1_220' title='bbox 565 3453 742 3531; x_wconf 83' lang='lat' dir='ltr'>judiciarius</span> <span class='ocrx_word' id='word_1_221' title='bbox 759 3452 858 3516; x_wconf 78' lang='lat' dir='ltr'>solium</span> <span class='ocrx_word' id='word_1_222' title='bbox 877 3450 1068 3514; x_wconf 87' lang='lat' dir='ltr'>introductus</span> <span class='ocrx_word' id='word_1_223' title='bbox 1087 3448 1140 3511; x_wconf 79' lang='lat' dir='ltr'>suit</span> <span class='ocrx_word' id='word_1_224' title='bbox 1156 3441 1186 3505; x_wconf 86' lang='lat' dir='ltr'>ad</span> 
     </span>
     <span class='ocr_line' id='line_1_33' title="bbox 228 3539 1188 3622; baseline -0.001 -24"><span class='ocrx_word' id='word_1_225' title='bbox 228 3539 360 3600; x_wconf 89' lang='lat' dir='ltr'>criminis</span> <span class='ocrx_word' id='word_1_226' title='bbox 374 3549 425 3602; x_wconf 85' lang='lat' dir='ltr'>aut</span> <span class='ocrx_word' id='word_1_227' title='bbox 432 3539 509 3620; x_wconf 83' lang='lat' dir='ltr'>juris</span> <span class='ocrx_word' id='word_1_228' title='bbox 520 3541 673 3603; x_wconf 78' lang='lat' dir='ltr'>veritatem</span> <span class='ocrx_word' id='word_1_229' title='bbox 684 3540 904 3622; x_wconf 67' lang='lat' dir='ltr'>indagandam</span> <span class='ocrx_word' id='word_1_230' title='bbox 918 3539 1013 3604; x_wconf 88' lang='lat' dir='ltr'>sedin</span> <span class='ocrx_word' id='word_1_231' title='bbox 1026 3557 1100 3603; x_wconf 89' lang='lat' dir='ltr'>casu</span> <span class='ocrx_word' id='word_1_232' title='bbox 1117 3543 1188 3598; x_wconf 83' lang='lat' dir='ltr'>noto</span> 
     </span>
     <span class='ocr_line' id='line_1_34' title="bbox 229 3626 1109 3728; baseline 0.005 -43"><span class='ocrx_word' id='word_1_233' title='bbox 229 3626 337 3687; x_wconf 86' lang='lat' dir='ltr'>rietatis</span> <span class='ocrx_word' id='word_1_234' title='bbox 352 3647 413 3690; x_wconf 92' lang='lat' dir='ltr'>nou</span> <span class='ocrx_word' id='word_1_235' title='bbox 427 3637 473 3690; x_wconf 86' lang='lat' dir='ltr'>est</span> <span class='ocrx_word' id='word_1_236' title='bbox 483 3646 561 3710; x_wconf 91' lang='lat' dir='ltr'>opus</span> <span class='ocrx_word' id='word_1_237' title='bbox 575 3630 729 3693; x_wconf 88' lang='lat' dir='ltr'>veritatem</span> <span class='ocrx_word' id='word_1_238' title='bbox 743 3629 931 3728; x_wconf 58' lang='lat' dir='ltr'>inuestigare.</span> <span class='ocrx_word' id='word_1_239' title='bbox 942 3631 1032 3712; x_wconf 77' lang='lat' dir='ltr'>Ergo,</span> <span class='ocrx_word' id='word_1_240' title='bbox 1047 3635 1109 3692; x_wconf 86' lang='lat' dir='ltr'>etc.</span> 
     </span>
    </p>
   </div>
   <div class='ocr_carea' id='block_1_9' title="bbox 0 0 1232 3984">
    <p class='ocr_par' dir='ltr' id='par_1_12' title="bbox 0 0 1232 3984">
     <span class='ocr_line' id='line_1_35' title="bbox 0 0 1232 3984; baseline 0 0"><span class='ocrx_word' id='word_1_241' title='bbox 0 0 1232 3984; x_wconf 95' lang='lat' dir='ltr'> </span> 
     </span>
    </p>
   </div>
  </div>
 </body>
</html>
