2526 3988
186 236 223 294 aa
411 249 545 295 urnautna
565 249 665 294 ronus
685 247 768 292 aunis
787 246 935 292 aaronica

869 393 1158 411 ι-ι--υ-α-οιοιη

564 543 710 613 CAPUT
735 543 780 613 V.

381 703 423 754 ua
445 703 701 754 raananoumus
724 703 957 756 aunrcmuaus.

227 869 316 930 5698.
339 867 373 929 ln
399 885 509 948 genere
533 867 668 951 probatio
693 865 841 948 judicialis
861 875 906 930 est
927 868 974 931 rei
996 866 1095 932 dubie
1116 888 1168 931 aea

186 964 377 1018 controversae
384 975 443 1039 per
454 955 586 1038 legitimo
596 964 769 1039 argumento
780 958 845 1036 (seu
855 956 964 1037 media)
974 956 1057 1040 saeta
1069 967 1167 1022 osterr-

186 1045 239 1105 sio.
255 1047 299 1108 lta
311 1051 425 1108 veteres
436 1047 651 1126 iurisconsulti.
1099 1099 1102 1106 ,

227 1134 366 1196 Probatio
380 1133 519 1197 dividitur
534 1137 565 1198 in
577 1136 694 1217 plenam
712 1136 835 1218 quarite
849 1137 971 1220 plenam
985 1137 1079 1201 iidem
1092 1137 1168 1202 lacit

186 1221 279 1300 judioi
306 1222 343 1284 de
367 1241 399 1285 re
421 1223 452 1284 in
473 1224 623 1302 judicium
644 1225 792 1303 deducta,
816 1235 850 1290 ut
867 1229 1045 1291 sententiam
1066 1230 1166 1312 possit

188 1310 289 1386 lorre3
319 1316 349 1373 et
365 1311 579 1394 serni-plenum,
604 1333 640 1376 ex
665 1319 726 1397 qut
745 1316 839 1396 judex
860 1317 944 1380 valde
966 1317 1166 1400 probabiliter

188 1399 341 1466 veritatem
353 1399 392 1463 de
406 1419 439 1463 re
457 1406 645 1466 controversa
661 1403 837 1487 introspicit,
852 1425 914 1468 non
927 1413 1029 1470 tamen
1041 1413 1160 1472 aeriam

188 1487 288 1551 habet.

228 1582 317 1642 5699.
340 1583 413 1644 Tres
437 1587 508 1644 sunt
529 1584 672 1667 praecipui
692 1584 816 1647 effeetus
835 1587 1018 1668 probationis
1039 1592 1164 1672 plenae:

190 1669 220 1727 {⁰
240 1667 325 1746 juxta
344 1668 425 1731 illam
448 1673 595 1734 sententia
614 1678 659 1736 est
679 1671 801 1736 terenda
812 1695 820 1754 ;
846 1679 876 1736 2⁰
897 1682 980 1739 actor
1000 1680 1052 1760 qui
1071 1683 1167 1763 plene

190 1757 322 1835 probavit
344 1757 542 1822 intentionem
564 1779 651 1823 suam
675 1780 737 1824 non
757 1769 875 1826 tenetur
899 1784 969 1828 cum
989 1769 1166 1848 juramento

190 1845 390 1927 confirmare,
415 1849 466 1912 sed
495 1850 627 1912 oblatum
651 1853 668 1912 a
689 1852 791 1930 judice
810 1872 947 1918 recusare
964 1864 1061 1938 potest
1081 1863 1164 1944 (cap.

189 1931 275 1994 Sient
288 1937 456 1999 consuetudo
469 1943 504 2014 9,
529 1938 564 2000 de
581 1939 730 2020 probat.i;
750 1943 782 2002 3⁰
803 1941 827 2004 is
841 1951 945 2007 eontra
964 1965 1056 2026 quem
1070 1949 1166 2032 plene

191 2022 347 2102 probatum
375 2033 439 2104 est,
464 2047 525 2090 non
549 2027 714 2090 admittitur
736 2030 866 2112 amplibs
890 2033 928 2095 ad
950 2039 1167 2118 purgationem

189 2114 366 2176 eanonicam
380 2117 450 2197 quia
464 2117 531 2179 talis
545 2115 682 2198 purgatio
693 2119 868 2184 conceditur
876 2125 995 2188 tantum
1009 2137 1164 2210 suspecto,

169 2247 173 2254 .
190 2218 252 2262 non
264 2209 362 2265 autem
376 2205 523 2268 convicto.

229 2294 317 2353 5700.
341 2292 470 2354 Effectus
496 2293 567 2356 verb
597 2296 740 2378 praeripui
770 2301 948 2383 semi-pleae
976 2305 1167 2388 probatioris

190 2385 282 2439 sunt:
310 2383 339 2441 1ο
353 2377 424 2443 dare
447 2382 547 2444 locum
568 2384 740 2464 Juramento
761 2390 963 2472 suppletorio;
984 2399 1016 2456 2⁰
1034 2393 1167 2471 liberare

190 2465 350 2548 aliquando
360 2469 398 2531 ab
407 2490 498 2534 onere
506 2471 646 2536 ulteriore
657 2475 819 2557 probandi,
831 2479 943 2543 illudin
957 2483 1166 2553 adversarium

189 2555 373 2636 rejiciendo;
389 2563 420 2622 3⁰
431 2561 579 2626 conticere
589 2564 770 2645 regulariter
782 2567 902 2648 plenam
912 2573 1122 2653 probationem
1135 2579 1166 2643 si
1248 2581 1249 2584 ’

189 2643 271 2706 alteri
286 2647 474 2730 semi-plena
488 2653 699 2734 conjungatur.
716 2655 790 2717 Vide
808 2675 875 2739 oap.
892 2657 964 2722 Ciam
979 2681 1093 2726 saraam
1109 2671 1163 2745 13,

189 2731 224 2794 de
243 2735 342 2814 prola:
357 2755 423 2820 cap.
444 2739 595 2803 Praetereo
616 2746 667 2822 27,
692 2741 728 2805 de
752 2745 895 2823 teatibaa‚·
917 2756 947 2811 et
968 2769 1035 2836 oap.
1052 2755 1106 2819 iia.
1126 2757 1166 2822 de

189 2840 305 2886 amoene.
318 2824 463 2890 obintrat.
1251 2903 1252 2906 ,

230 2911 367 2977 Diximus
384 2917 577 2997 regulariter,
608 2941 679 2984 nam
697 2923 880 3007 excipienda
894 2919 989 2994 sunt':
1007 2937 1038 2996 1⁰
1060 2951 1164 3002 oausaa

190 3001 378 3082 criminales;
396 3010 428 3067 2⁰
446 3025 544 3071 oausae
567 3013 802 3078 matrimoniales
819 3017 852 3078 in
875 3018 986 3099 quibus
999 3023 1097 3105 agitur
1120 3027 1163 3090 de

190 3089 338 3154 validitate
356 3095 539 3160 matrimonii
549 3099 614 3178 jam
635 3099 697 3164 initi
707 3123 716 3180 ;
732 3107 764 3165 3·
784 3121 882 3168 eausa
896 3107 997 3172 civiles
1015 3111 1090 3176 adeo
1110 3133 1161 3178 ar·
1252 3182 1253 3185 ,

190 3176 276 3328 dbtrpp,
293 3186 326 3242 ut
344 3184 549 3250 criminalibus
562 3189 794 3272 aequiparentur.
811 3193 928 3273 (Bouix,
948 3197 993 3262 De
1011 3199 1159 3283 dediciis,
1254 3252 1255 3255 ,

192 3265 276 3339 ti„
293 3290 324 3352 p.
341 3274 429 3356 305.)

230 3361 320 3422 5191.
332 3361 412 3424 Nota
427 3369 457 3427 1ο
467 3366 549 3448 quod
559 3369 693 3449 probatio
708 3371 806 3436 minor
819 3376 994 3458 semi-pleni
1008 3379 1096 3444 faciat
1109 3383 1162 3444 ad·

191 3445 378 3544 aminiculum,
398 3461 429 3515 et
450 3456 514 3518 aliis
529 3459 650 3537 juncta,
673 3461 835 3544 aliquando
854 3467 1080 3550 sami-plenam,
1095 3472 1161 3537 imd

191 3537 281 3596 etiam
297 3538 415 3618 plenam
429 3543 546 3608 efficiat.
1046 3554 1053 3564 “
1140 3551 1145 3564 ’

233 3630 314 3694 Nato
326 3638 358 3695 9·
372 3639 455 3719 quod
468 3641 603 3720 probatio
614 3646 767 3730 plusquam
781 3647 949 3736 rari-pleae
963 3649 1088 3724 sufficiet
1101 3659 1159 3725 nti-
