2548 3988
172 170 231 235 aaa
391 188 527 235 aaronis
549 185 648 233 rorrus
669 187 750 232 runis
772 184 919 232 sanamur.

169 290 362 371 impuberum
383 293 416 353 ut
429 307 461 354 se
475 288 580 351 sistant
593 305 695 351 coram
719 285 820 366 judice
833 283 1016 349 detensionis
1029 281 1117 348 eausa
1130 292 1142 363 ,'
1252 283 1253 352 l

169 379 222 442 sed
235 379 301 442 baec
314 379 390 441 ratio
404 397 465 441 non
479 378 606 440 omuino
617 377 783 454 convincit,
798 377 870 439 cirm
885 374 1057 456 impuberes
1071 392 1140 455 pos·
1252 377 1253 460 }

169 469 229 530 siut
242 487 274 531 se
284 469 386 531 sistere
396 485 466 530 cum
476 467 642 530 assistentia
650 465 755 528 tutoris
766 470 818 529 aut
831 463 994 540 curatoris,
1006 468 1038 524 ut
1050 481 1142 543 supra

168 555 299 620 diximus
322 557 532 637 (55955600);
561 554 642 618 unde
662 557 789 632 Suarez,
813 558 904 637 prout
926 551 1007 614 idem
1029 553 1142 614 ductor
1252 569 1253 638 ζ

169 645 258 708 refert
267 645 343 726 (ἱύ.),
360 646 421 708 ait:
440 647 536 708 «Non
550 645 670 707 invenio
681 645 732 724 jus
745 662 807 726 quo
820 642 963 706 reddatur
977 639 1060 704 nulla
1074 659 1142 704 sen·
1252 653 1253 670 ¹

167 753 184 800 n
208 737 301 798 tentia
313 753 449 798 censurae
464 734 531 796 latae
548 741 652 796 contra
666 734 872 817 impuberem,
888 737 920 795 et
936 731 1005 794 ideo
1022 731 1047 792 si
1070 730 1142 794 aiio-

168 845 184 884 a
208 824 282 907 quio
298 823 463 888 intercedat
478 841 549 887 vera
568 823 771 898 coutumacia,
788 827 818 886 at
835 821 952 904 reliqua
970 819 1140 884 necessaria
1252 863 1253 870 ,

167 936 183 976 a
208 915 245 978 ad
258 913 390 976 valorem
403 931 556 991 censure,
573 931 611 976 ex
624 913 680 976 hbe
692 917 777 995 parte
791 928 853 974 oon
864 928 974 974 censeo
986 927 1052 972 esse
1070 907 1140 972 nul-

166 1023 183 1067 a
207 1004 279 1066 lam.
295 1025 310 1062 a
327 1005 364 1066 Et
374 1001 441 1066 haeo
453 1003 600 1066 sententia
613 1008 658 1066 est
671 1002 777 1065 saitem
789 999 972 1084 probabilis,
991 1004 1026 1063 ut
1037 998 1140 1064 vidore

168 1098 214 1155 est
236 1091 316 1174 apud
333 1093 365 1154 S.
381 1091 502 1172 Liguor.
529 1091 593 1170 (tib.
612 1097 643 1168 l,
659 1093 692 1153 n⁰
708 1093 778 1170 ll):
801 1107 863 1153 non
885 1088 972 1152 decet
983 1094 1084 1152 mmeu
1106 1093 1140 1153 ut

168 1179 342 1262 impuberes
354 1186 417 1242 tam
430 1180 565 1262 rigorose
577 1180 745 1262 plectantur
759 1177 1000 1262 persententiam
1010 1177 1138 1259 judicis,

168 1269 313 1332 assolent
330 1269 419 1352 plecti
439 1269 550 1346 adulti;
573 1269 671 1347 uude,
686 1269 718 1331 in
737 1287 803 1352 cap.
826 1268 983 1350 deserente
997 1271 1033 1346 5,
1047 1267 1081 1331 de
1093 1267 1141 1332 de·

169 1358 250 1421 lictis
259 1377 418 1441 puerorum
429 1405 437 1432 ,
449 1357 577 1421 dicitur:
596 1361 653 1420 ulo
665 1358 766 1442 pueris
779 1357 908 1440 relinqui
920 1357 996 1421 solat
1008 1357 1138 1421 inultum

168 1469 183 1507 a
208 1447 302 1530 quod,
317 1447 349 1510 iu
367 1447 432 1510 aliis
446 1446 637 1530 provectioris
656 1449 767 1527 aetatis,
786 1445 927 1510 humanae
940 1445 1022 1530 leges
1034 1446 1140 1512 dicunt

167 1537 665 1619 nmmfflmfflma

207 1629 297 1690 caat.
320 1627 441 1699 Quaerit.
456 1631 488 1689 5⁰
509 1627 602 1700 Quale
620 1645 686 1690 esse
707 1625 814 1692 debeat
833 1626 976 1690 delictum
994 1632 1028 1690 ut
1043 1627 1138 1708 judex

166 1715 260 1800 possit
272 1734 325 1780 reo
338 1734 444 1799 poeuas
458 1717 590 1799 irrogare
603 1717 619 1779 l

206 1807 297 1890 Resp.
315 1805 513 1869 audalaum
527 1808 624 1889 poenis
637 1805 831 1889 plectendum
842 1807 978 1890 quinque
990 1808 1136 1872 conditio·

167 1914 222 1958 nos
239 1895 405 1978 generatim
425 1897 629 1979 requiruntur,
644 1896 781 1959 videlicet
800 1903 834 1959 ut
853 1897 890 1959 sit
913 1902 944 1959 l⁰
957 1903 1126 1974 externum,

166 1989 197 2048 2⁹
211 1984 382 2070 proprium,
402 1985 434 2048 3⁰
448 2005 556 2068 grave,
577 1991 610 2048 4⁰
623 1993 883 2068 consummatum,
904 1987 936 2051 5ο
952 1987 1052 2052 debite
1066 2009 1136 2072 pro·

166 2075 280 2138 batum.

205 2170 236 2226 l⁰
250 2165 345 2227 Debet
364 2182 429 2226 esse
449 2173 627 2226 externum:
650 2183 721 2227 nam
739 2165 871 2227 Ecclesia
885 2183 948 2228 non
963 2167 1078 2246 judicat
1097 2173 1137 2237 da

165 2253 291 2316 internis
311 2253 368 2316 uisi
391 2253 422 2316 in
442 2251 508 2315 loro
526 2254 748 2335 poenitentiali:
775 2253 1000 2336 «Cogitationis
1014 2275 1136 2340 poeuam

163 2363 179 2402 a
204 2359 296 2405 nemo
309 2341 420 2424 patitur
439 2365 470 2420 a,
485 2342 582 2425 inquit
602 2360 669 2424 cap.
692 2343 887 2425 Cogitationis
908 2347 966 2424 tt,
988 2345 1023 2409 de
1039 2352 1136 2431 ρωπί-

167 2439 251 2509 tent,
266 2430 335 2494 dist.
347 2435 377 2495 l.
388 2431 517 2494 Omissis
529 2433 724 2495 tameuactrts
737 2433 882 2495 ceteruia
893 2433 959 2515 lege
970 2441 1135 2522 praescripti

164 2520 290 2583 habetur
312 2527 347 2584 ut
367 2539 444 2603 opus
468 2529 621 2583 cateruam
644 2528 673 2584 et
694 2522 790 2605 poenis
802 2522 959 2602 subjacet:
978 2523 1045 2588 vide
1064 2545 1133 2612 cap.

166 2609 281 2685 Quanta
300 2615 351 2689 tt,
366 2611 401 2673 de
418 2618 540 2673 sentent.
557 2629 719 2686 eaeomm.,·
732 2611 794 2674 imd
814 2612 868 2673 etsi
889 2611 1033 2677 delictum
1051 2623 1133 2681 exte-

163 2699 226 2762 rius
238 2699 377 2780 prodeat,
393 2699 417 2761 si
433 2717 495 2761 uon
509 2707 649 2782 appareat
663 2700 720 2763 sub
731 2701 831 2782 specie
844 2700 916 2764 mali
930 2703 948 2764 a
962 2703 1028 2784 lego
1038 2707 1135 2786 poenis

163 2787 330 2870 plectendi,
346 2787 519 2867 hujusmodi
533 2789 632 2870 poeuis
644 2790 744 2872 puniri
764 2791 869 2872 nequit
884 2809 891 2852 :
911 2791 992 2854 unde
1006 2793 1030 2854 si
1045 2795 1132 2874 quis,

163 2895 191 2940 v.
214 2896 258 2958 g,
281 2875 456 2940 carneadia
476 2877 627 2959 prohibito
657 2877 846 2958 comederet,
868 2881 906 2943 eb
930 2881 1013 2962 qudd
1032 2883 1135 2948 credat

163 2965 326 3030 Ecclesiam
347 2985 410 3029 nou
429 2965 540 3030 habere
562 2974 739 3050 potestatem
761 2969 834 3032 illud
855 2968 1050 3051 prohibendi,
1072 2991 1134 3038 non
1252 2965 1253 3022 Ῠ

162 3057 331 3119 incurreret
352 3073 457 3138 poenas
476 3063 580 3120 contra
594 3057 749 3122 haereticos
762 3063 900 3140 statutas,
922 3061 994 3144 qtda
1012 3061 1134 3128 haeresis
1252 3055 1253 3120 ἒ

162 3163 223 3208 nou
239 3152 317 3208 esset
327 3152 505 3229 apparenter
518 3155 653 3210 artemo.

202 3237 291 3298 6355.
306 3237 410 3298 Posset
417 3242 517 3298 tamen
527 3235 659 3299 Ecclesia
670 3240 771 3299 aetum
780 3242 955 3320 externum,
966 3241 1087 3306 aliunde
1101 3243 1132 3307 iu
1252 3261 1253 3310 t

162 3341 195 3386 se
204 3325 329 3404 malum,
341 3325 438 3406 poenis
451 3325 580 3406 plectere
589 3325 646 3389 sub
652 3325 824 3390 conditione
833 3329 926 3392 solius
934 3331 1054 3395 malitiae
1064 3352 1133 3415 quaa
1252 3327 1253 3408 l

162 3411 201 3472 ab
214 3411 331 3476 interno
345 3413 519 3494 procederet
534 3433 542 3477 ε
558 3433 586 3476 v.
603 3433 633 3497 g.
652 3423 752 3496 posset
770 3415 841 3480 ferri
860 3423 1133 3487 excommunicatio
1252 3419 1253 3490 ἷ

162 3499 205 3560 vel
218 3499 276 3560 alia
290 3519 380 3582 prena
393 3502 425 3562 in
438 3521 490 3565 eos
502 3505 620 3566 tantiam
634 3504 685 3585 qui
706 3505 831 3568 scienter
844 3514 895 3569 aut
910 3509 1014 3571 temeri
1027 3517 1078 3572 aut
1094 3531 1131 3573 ex
1252 3499 1253 3510 ἶ

162 3589 386 3664 moesumptiane
399 3589 512 3660 aliuuid
525 3591 643 3672 egerint
658 3610 668 3652 .·
683 3593 758 3655 ratio
780 3600 825 3657 est
843 3596 933 3676 quia,
955 3597 1026 3657 euru
1046 3606 1131 3660 aetus
1252 3661 1253 3670 ,
