2462 3984
420 238 505 286 anan
525 239 658 288 manus.
972 228 1031 290 tte

82 337 194 402 nasterio
212 335 398 420 peragenda,
420 341 450 398 et
471 335 604 398 interdiu
626 335 838 400 abstinentiam
865 337 1031 400 beelebm-

80 431 148 490 tiene
160 427 272 505 missae;
288 426 342 489 sed
356 445 416 488 non
431 433 532 507 posset
545 426 573 487 ei
584 444 728 489 censuras
741 434 793 490 aut
806 427 894 489 aliam
912 445 1032 510 poenam

79 516 265 579 uindimtiram
283 515 419 596 infligere
433 515 603 591 (Stremler,
620 514 674 589 ib,
694 534 725 597 p.
747 519 808 595 89).
825 519 928 578 Posset
942 517 1033 579 etiam

79 605 197 686 superior
210 606 325 668 crimen
338 603 528 668 manifestare
548 603 700 686 aliquibus
719 605 790 667 uiris
814 605 1033 687 prudentibus,

79 695 98 755 si
111 695 161 756 hoe
171 694 315 774 judiearet
328 693 532 756 necessarium
546 692 584 755 ad
598 693 767 756 remedium
782 695 881 756 subite
894 694 1036 756 adhiben-

78 782 156 860 dum,
170 783 219 846 sed
234 787 370 865 peccaret
381 782 525 846 Praelatus
537 781 661 845 interior
678 782 703 844 si
720 781 827 844 valens
839 801 894 864 per
914 802 947 846 se
963 781 1041 845 sub·'

77 871 159 934 ditum
172 873 331 954 corrigere,
344 872 460 934 crimen
474 871 569 954 ipsius
583 872 738 954 Superiori
752 889 809 934 suo
820 871 1034 934 manifestaret.

79 963 104 1023 S.
118 961 233 1044 liguar.
249 961 302 1040 (it.
318 965 377 1024 ass
389 967 419 1022 et
432 960 517 1041 ΞΗ).

109 1053 190 1114 5821.
211 1054 245 1113 ln
264 1049 387 1112 seeundo
404 1069 491 1128 eoru,
513 1049 537 1112 si
554 1067 666 1132 nempe
686 1049 803 1112 crimen
820 1049 858 1112 sit
870 1048 1036 1129 notorium,

76 1143 143 1203 certe
160 1145 252 1222 potest
275 1139 413 1220 superior
434 1145 467 1201 ut
486 1138 581 1218 judex
606 1139 763 1201 instituere
785 1155 959 1221 processum
984 1155 1039 1220 per

78 1229 188 1291 modum
202 1227 427 1312 inquisitionis,
443 1233 474 1289 et
486 1228 526 1289 ob
540 1227 656 1290 bonum
670 1246 833 1290 commune
847 1227 885 1290 ad
900 1227 957 1290 hee
971 1246 1038 1310 pos-

78 1325 114 1379 set
128 1320 233 1396 teneri3
250 1317 303 1380 scd
327 1317 365 1379 de
379 1315 455 1380 iacta
470 1315 526 1378 sibi
542 1316 771 1380 denuntiatione
785 1315 956 1398 evangeliea
973 1315 1039 1379 nul·

79 1407 128 1468 lam
140 1405 224 1470 debet
242 1405 341 1469 iacere
354 1406 560 1480 mentionem;
580 1411 678 1488 potest
692 1413 794 1469 tamen
808 1407 1040 1470 denuntiantem

79 1502 205 1578 tanquam
224 1503 333 1559 testem
350 1493 512 1572 adbibere,
533 1496 631 1582 antei
646 1495 790 1557 mandare
810 1502 844 1557 ut
859 1493 1040 1574 judicialiter

79 1583 227 1648 denuntiet,
248 1587 293 1648 lta
310 1583 465 1646 Reiffenst.
488 1583 546 1664 (tit.
568 1583 672 1662 l,lib.
693 1588 712 1646 l
731 1586 863 1660 Deerat,
879 1595 913 1644 n⁰
927 1583 993 1664 75).
1009 1583 1040 1646 Si

79 1675 137 1735 rard
149 1673 302 1752 delictum,
319 1674 373 1736 etsi
389 1673 542 1736 oecultum
554 1721 562 1746 ,
576 1683 677 1755 vergat
689 1673 720 1735 in
735 1672 945 1755 praejudicium
959 1691 1041 1734 com·

80 1764 214 1827 maritmis
236 1764 282 1828 vel
297 1763 393 1840 tertii,
418 1769 514 1844 potest
533 1763 645 1844 pariter
663 1762 807 1844 Superior
824 1767 929 1824 centra
947 1760 1041 1824 delin-

81 1858 207 1930 quentem
220 1851 402 1933 judicialiter
422 1851 600 1934 procedere,
622 1859 651 1914 et
666 1852 697 1913 in
712 1851 770 1914 boo
791 1869 864 1914 casu
877 1850 1040 1932 praeeiperc

82 1939 155 2003 debet
177 1940 368 2006 denuntianti
395 1947 428 2004 ut
449 1940 631 2020 iudicialiter
657 1939 834 2002 denuntiet:
861 1956 919 2000 nec
945 1945 1043 2019 potest

86 2035 141 2091 ane
154 2031 412 2095 denuntiationem
426 2029 588 2110 iuridioam
610 2029 697 2090 illum
711 2033 745 2090 ut
762 2033 869 2089 testem
888 2026 1041 2091 adbibere.

86 2119 118 2179 lta
129 2120 325 2184 communiter
338 2137 409 2181 eum
419 2118 528 2182 eodem
538 2116 694 2180 Reiffenst.
706 2117 769 2197 (ap.
782 2113 888 2188 Bouix,
900 2113 955 2190 ilc,
966 2121 1041 2181 torn.

81 2211 109 2282 2,
129 2229 155 2290 p.
169 2213 228 2290 39).
252 2207 327 2271 Vide
341 2209 372 2270 S.
394 2207 517 2288 Liguor.
538 2207 601 2288 (lib.
617 2211 649 2284 t,
665 2215 700 2268 n⁰
712 2208 772 2268 246
787 2204 819 2265 in
832 2203 913 2288 fine),
932 2205 984 2287 qui
1005 2213 1045 2268 ta-

81 2313 140 2359 men
152 2298 219 2362 dicit
239 2297 309 2378 (ie,
332 2296 464 2360 Notend.
484 2296 537 2377 ll.)
558 2295 640 2378 qudd
662 2294 851 2358 denuntiatio
869 2293 1044 2376 evangeliea

84 2389 232 2450 «transire
253 2391 353 2468 petest
378 2385 409 2446 in
430 2383 605 2464 judicialem
633 2403 670 2448 ex
693 2384 851 2447 communi
874 2385 1043 2460 sententitt,

81 2476 226 2557 equando
249 2479 320 2558 pest
345 2474 548 2556 euangelicam
570 2492 641 2538 reus
664 2492 727 2536 non
749 2473 920 2553 corrigitur.
945 2495 960 2533 n
986 2472 1046 2534 Sed

79 2563 152 2642 juxta
165 2567 199 2627 D.
216 2563 335 2640 Bouix,
359 2562 409 2624 ille
423 2564 475 2645 qui
488 2563 751 2625 denuntiationem
769 2559 931 2640 juridicam
954 2559 1044 2636 lecit,

81 2651 202 2716 adhiberi
217 2653 325 2735 nequit
342 2657 376 2714 at
388 2653 472 2715 testis
482 2653 550 2714 talis
567 2669 677 2715 causae.
696 2649 750 2732 (lle
763 2648 908 2728 ludicris,
922 2655 998 2714 tom.
1015 2653 1045 2727 2,

115 2835 200 2895 5822.
222 2832 347 2905 Quaerit.
376 2836 408 2896 3⁰
437 2833 568 2905 Quinam
589 2829 707 2911 possint
729 2829 900 2911 evangelice
927 2827 1046 2894 denun-

85 2917 171 2984 tiarel

116 3011 201 3094 ltesp.
213 3013 307 3076 Posse
319 3029 437 3087 omnes,
449 3009 503 3072 etsi
513 3008 551 3072 ad
559 3007 764 3072 accusandum
774 3025 838 3071 non
848 3008 909 3071 sint
919 3005 1044 3085 habiles,

85 3098 165 3160 modd
177 3119 303 3184 capaces
316 3101 374 3162 sint
387 3099 521 3160 rationis.
538 3099 601 3160 DQ.
617 3096 814 3160 concordant.

86 3192 204 3334 d5823.
227 3191 351 3263 Quaerit.
367 3193 398 3250 4⁰
421 3187 581 3260 Quodnam
603 3186 748 3250 delictum
762 3187 857 3270 possit
876 3183 1049 3267 euangelici

104 3279 272 3342 enuntiarit

122 3367 206 3452 Resp.
224 3367 384 3444 Quodlibet
397 3367 540 3430 delictum
550 3413 557 3440 ,
569 3366 623 3430 etsi
638 3367 766 3429 omuino
779 3365 943 3442 oecultum,
954 3368 984 3426 et
996 3363 1051 3426 soli

86 3459 214 3534 peccanti
234 3458 393 3534 nocivum,
415 3457 472 3520 nisi
491 3456 672 3538 delinquens
695 3455 732 3517 sit
756 3455 839 3516 certe
861 3449 1050 3516 emendatus.

91 3543 155 3607 l'ide
169 3547 198 3609 S.
216 3549 336 3631 liguor.
353 3547 415 3623 (lib.
431 3551 466 3624 l,
483 3547 516 3607 n⁰
529 3547 609 3622 ate),
623 3551 653 3607 et
669 3543 766 3608 Bouix
779 3542 887 3625 (ib.,p.
902 3546 963 3623 39).

123 3636 208 3698 5824.
225 3673 262 3686 -
275 3639 325 3700 tv.
351 3633 543 3698 Renuntiatio
559 3631 696 3712 juridica
719 3649 781 3692 nen
805 3631 897 3694 evasit
919 3647 999 3694 unus
1013 3648 1049 3695 ex
