2452 3984
449 319 534 364 mern
555 317 685 364 merrus.
992 299 1051 362 ete

84 441 98 477 r
118 417 240 480 tationis
250 434 379 482 onerum
393 415 606 492 Pontificatum
622 415 693 478 item
708 431 762 496 per
775 413 900 477 modum
914 433 1051 478 commu·

2 539 3 542 κ
85 533 98 567 u
120 508 259 581 tationis,
275 507 353 570 sicut
364 513 431 568 vota
445 509 669 568 commutantur
683 505 714 564 in
729 502 946 584 eleemosynas,
962 511 1047 568 etc.»

120 601 210 660 6111.
232 596 354 668 Quaerit.
377 599 409 658 θ’
432 598 479 657 An
496 595 535 658 sit
556 591 685 658 simonia
702 591 774 656 dara
795 591 908 675 aliquid
930 593 1047 656 utalter

84 685 197 748 omittet
211 703 277 748 rem
291 683 480 768 spiritalem?

85 785 87 789 '
120 775 210 856 Resp.
231 771 401 852 elffirrna,
418 771 514 854 inquit
528 774 560 836 S.
575 772 697 854 Lignor.
714 769 782 854 (ila,
798 773 869 852 97),
889 771 913 834 si
927 773 1050 838 omissio

84 887 98 924 r
121 863 301 946 dirigatura
322 867 467 945 potestate
488 861 649 943 spirituali,
664 867 698 924 ut
715 866 793 924 esset
815 860 937 923 omissio
956 861 1053 924 absol-

84 975 98 1012 r
120 951 225 1028 vendi,
238 949 446 1034 dispensandi,
461 948 603 1031 eligendi,
615 956 687 1027 etc,
702 969 738 1012 ex
753 968 819 1032 cap.
836 949 1008 1032 Presbyter,
1018 951 1054 1013 de

83 1065 98 1100 r
120 1041 297 1104 simonie...
315 1039 373 1102 nisi
392 1047 494 1102 tamen
509 1039 657 1102 absolutio
667 1045 745 1100 esset
764 1037 925 1118 sacrilega,
941 1047 993 1101 aut
1006 1041 1053 1101 in-

83 1153 98 1190 r
118 1131 237 1209 justa...
251 1150 259 1207 ;
275 1148 362 1192 secus
383 1136 522 1192 autern...
541 1128 565 1190 si
584 1133 668 1190 actus
681 1127 842 1209 spiritualis
855 1126 1052 1208 dependeatl

84 1242 98 1278 e
121 1219 269 1295 libertate,
285 1223 321 1282 ut
333 1225 410 1280 esset
423 1218 545 1280 omissio
559 1215 681 1294 orandi,
696 1215 787 1280 dandi
808 1214 1050 1300 eleemosynam,

82 1331 98 1368 ι
120 1308 314 1386 celebrandi,
330 1307 388 1370 nisi
401 1307 476 1370 alter
485 1307 526 1390 ad
541 1325 577 1369 ea
589 1311 727 1369 teneatur
741 1306 937 1386 exjustitia...
953 1329 969 1366 a

120 1401 212 1460 6116.
237 1398 359 1470 Quaerit.
375 1399 425 1458 10υ
442 1399 488 1459 An
503 1395 632 1458 simonia
654 1396 692 1458 sit
710 1396 822 1478 aliquid
841 1394 914 1458 dare
926 1397 964 1460 ad
978 1398 1053 1460 redi-

84 1485 227 1549 mendam
242 1486 383 1564 injustam
395 1484 607 1547 vexationem?

120 1577 212 1656 llesp.
223 1575 278 1636 Vel
294 1592 341 1636 res
355 1575 372 1634 a
386 1576 446 1654 qua
461 1573 571 1652 iniuste
585 1572 747 1654 impeditur
755 1574 825 1655 quis
834 1580 879 1637 est
889 1593 937 1639 res
948 1576 980 1637 in
993 1577 1053 1659 qut

81 1667 127 1744 jus
138 1661 522 1739 certumhabet,volestres
534 1661 671 1744 adquam
684 1665 801 1725 tantirm
809 1665 859 1742 jus
866 1664 1006 1744 possidet.
1015 1665 1054 1729 Si

80 1753 163 1834 pride
175 1801 183 1825 ,
195 1751 265 1814 licet
278 1750 382 1812 tollere
397 1751 539 1830 injustam
549 1751 734 1813 vexationem
746 1751 846 1814 dando
856 1753 967 1834 aliquid
980 1762 1054 1818 tem-

81 1843 201 1923 porale:
218 1841 259 1902 ita
267 1839 485 1902 communiter:
497 1839 648 1902 undedari
662 1848 762 1921 posset
774 1841 886 1923 aliquid
897 1861 935 1904 ne
944 1844 1053 1924 injuste

81 1931 304 2012 denegarentur
317 1935 504 1991 sacramenta
522 1931 554 1990 in
574 1930 748 1991 necessitate
769 1930 867 2010 gravi,
887 1950 915 1993 v.
932 1951 975 2013 g„
992 1933 1053 1995 im-

81 2019 182 2101 plendi
204 2023 390 2101 praeceptum
413 2017 573 2100 paschale,
596 2035 657 2079 non
681 2017 857 2080 remanendi
880 2018 911 2080 in
935 2021 1051 2084 mortali

81 2116 217 2190 peceato,
232 2113 308 2182 etc.;
323 2105 371 2168 vel
384 2125 423 2168 ne
436 2107 564 2188 eligatur
578 2105 737 2188 indignus,
754 2106 778 2167 si
792 2106 935 2169 electores
947 2107 984 2170 ad
997 2109 1053 2174 hoc

80 2204 181 2260 essent
194 2196 289 2278 parati
302 2214 308 2256 :
325 2193 457 2258 Ecclesia
480 2195 563 2257 enim
576 2192 667 2256 hebet
677 2196 727 2275 jus
740 2195 919 2277 acquisitum
944 2213 983 2258 ne
997 2197 1052 2262 sibi

80 2285 167 2349 detur
183 2285 323 2346 minister
340 2284 478 2365 ineptus3
494 2283 556 2347 imo
573 2283 623 2365 jus
636 2283 726 2346 habet
748 2291 781 2347 ut
804 2284 931 2367 eligatur
944 2285 1053 2368 dignus

80 2382 131 2436 eut
144 2374 265 2456 dignior
277 2374 309 2434 in
322 2389 434 2454 genere
446 2372 520 2452 (non
538 2374 609 2436 verd
631 2375 663 2434 in
678 2373 852 2452 individuo).
868 2367 899 2436 S.
916 2375 1051 2457 Lignea,

80 2461 132 2526 lib.
145 2466 185 2541 3,
202 2471 235 2524 n⁰
253 2465 319 2526 103.
334 2483 374 2510 -·
387 2463 482 2524 Serus
493 2467 596 2524 tamen
610 2462 635 2524 si
646 2463 696 2540 jus
711 2463 742 2522 in
761 2479 794 2523 re
808 2469 886 2524 esset
899 2463 1026 2524 dubium
1042 2511 1051 2543 ,

81 2552 153 2631 quia
166 2550 301 2633 alioquin
316 2569 370 2633 per
382 2548 549 2632 temporale
572 2549 686 2630 acquiri
713 2556 812 2630 posset
822 2551 872 2629 ius
885 2558 1001 2614 certum
1015 2551 1053 2615 ad

81 2639 245 2720 spirituale.
261 2639 355 2704 Secus
368 2639 479 2722 pariter
497 2639 521 2700 si
535 2639 604 2720 quis
615 2639 694 2718 juste
709 2637 904 2719 impediretur
917 2639 1053 2706 obtinere

81 2727 252 2808 spirituale:
268 2728 371 2806 unde,
394 2727 543 2810 quidquid
560 2727 640 2790 dieat
662 2726 746 2788 Elbel
760 2745 831 2790 cum
848 2729 913 2792 aliis
927 2731 1052 2812 quibus-

82 2815 172 2896 dam,
188 2817 304 2880 licitum
318 2835 380 2880 non
394 2823 439 2880 est
451 2816 523 2880 dare
544 2816 703 2899 pecuniam
723 2817 932 2899 competitori,
948 2827 982 2883 ut
999 2821 1052 2883 de·

83 2905 165 2968 sistat
183 2925 364 2969 concurrere
384 2906 422 2968 ad
444 2905 628 2968 beneficium
651 2907 692 2983 (S.
715 2907 859 2987 Liguor.,
887 2907 943 2988 id,
966 2930 996 2992 q.
1010 2913 1051 2990 4).

89 3015 103 3049 u
123 2995 219 3076 Super
231 3013 289 3074 eo,
305 2995 401 3076 inquit
416 2995 502 3072 Alex.
517 2997 575 3074 lll,
590 3013 657 3075 cap.
673 2999 710 3072 ’1,
726 2995 763 3058 de
783 3003 944 3070 transire,
970 3000 1053 3078 quod

84 3101 100 3138 r
122 3084 298 3163 quaesivisti,
314 3091 415 3148 utrum
429 3083 467 3146 de
482 3083 683 3146 ecclesiastico
696 3084 843 3149 beneficio
866 3089 898 3148 in
921 3087 1052 3166 litigium

84 3189 101 3225 s
122 3169 252 3234 deducto
271 3173 368 3255 possit
386 3172 452 3235 lieri
473 3172 656 3250 transactio,
677 3175 736 3236 tale
748 3173 857 3237 damus
874 3191 1053 3254 responsum

84 3277 99 3314 r
122 3260 201 3341 qudd
215 3261 340 3344 transigi
353 3279 444 3343 super
457 3279 491 3323 re
505 3262 589 3323 sacra
606 3267 635 3324 et
648 3261 776 3342 litigiosa
785 3281 847 3324 non
861 3265 975 3343 potest;
991 3267 1053 3323 ete·

84 3365 99 3403 r
123 3349 186 3410 nim
204 3367 253 3412 res
271 3368 364 3413 sacrae
386 3355 419 3412 ut
440 3349 650 3431 possideantur
669 3351 770 3432 aliquo
787 3349 858 3411 dato
876 3348 921 3412 vel
939 3355 1054 3413 retento

84 3453 99 3491 o
123 3437 183 3500 sive
205 3440 379 3519 promisso,
399 3438 531 3520 speciem
561 3438 713 3502 oredimus
734 3439 845 3500 habere
869 3438 1049 3501 simoniam

86 3523 158 3588 Vide
171 3528 260 3590 etiam
273 3545 339 3609 cap.
366 3527 549 3592 Constitutus
561 3532 599 3606 l,
614 3527 711 3607 eJusd.
726 3527 772 3588 tit.

123 3617 211 3678 6176.
228 3616 348 3678 Dictum
368 3615 424 3679 fuit
441 3615 535 3678 dando
554 3615 672 3698 aliquid
691 3613 872 3694 temporale:
887 3633 948 3677 non
972 3619 1053 3683 enirn

87 3709 184 3776 posset
202 3703 267 3766 dari
291 3703 444 3784 spirituale
467 3721 522 3785 pro
543 3700 720 3766 redimenda
746 3701 900 3762 vexatione
921 3703 1045 3780 injusttt¹
