2466 4258
249 307 334 357 crasa
355 309 486 359 rannus.
510 330 548 342 -
571 314 757 362 irrounrcrs.
929 299 985 360 747

53 430 121 488 dar.
137 427 172 490 V.
189 461 227 474 -
253 429 330 490 ltem
355 427 474 492 Consul
491 431 612 511 primus
625 431 665 494 ad
682 431 880 512 episcopales
895 431 986 494 sedes

25 538 83 597 pue
105 517 310 596 inposterum
331 519 529 596 vacaverint,
552 540 649 583 novos
663 521 822 583 antistites
837 519 985 584 nomina·

25 610 69 680 rit,
97 607 204 688 iisque,
233 613 268 668 ut
282 607 314 668 in
330 608 465 670 articulo
485 611 679 690 praecedenti
692 611 903 672 constitutum
920 614 987 690 est,

25 696 186 775 ipostolica
207 695 305 758 Sedes
324 697 512 762 canonicam
526 699 616 762 dabit
630 698 873 762 institutionem.

53 789 123 848 aar.
137 783 184 846 Vl.
199 818 238 832 -
253 785 410 866 Episcopi,
427 795 600 869 antequam
620 805 735 850 munus
750 805 842 849 suum
869 806 985 868 geren-

25 879 85 936 lum
99 873 280 954 suscipiant,
295 875 513 956 coramprimo
529 875 658 940 consule
673 876 896 956 juramentum
911 877 988 937 tide·

25 963 109 1025 itatis
121 963 264 1026 emittent
277 963 364 1042 quod
384 969 454 1025 erat
475 964 508 1026 in
522 982 609 1026 more
624 969 697 1026 ante
715 963 882 1044 regiminis
902 982 990 1026 com-

25 1054 226 1129 mutationem,
239 1053 448 1134 sequentibus
459 1054 566 1116 verbis
581 1072 766 1134 expressum
779 1072 786 1115 :

56 1167 69 1198 α
81 1146 141 1221 Ego
152 1143 227 1222 juro
243 1147 275 1204 et
290 1143 451 1220 promitte,
467 1142 507 1205 ad
520 1149 630 1206 sancto
645 1143 700 1205 Dei
714 1141 897 1220 Evangelia,
915 1142 989 1202 obe-

25 1233 159 1295 iientiam
189 1237 222 1294 et
248 1231 436 1294 fidelitatem
453 1232 612 1295 Gubernio
640 1249 698 1313 per
723 1230 991 1293 Constitutionem

25 1321 176 1384 tallicanae
193 1320 386 1399 Reipublicae
395 1329 525 1386 statuto.
539 1325 618 1388 item
634 1321 786 1404 promitto
800 1340 852 1384 me
867 1322 990 1385 nullam

25 1411 331 1476 :ommunicationem
347 1412 543 1492 habiturum,
561 1413 641 1474 nolli
656 1411 789 1475 consilio
820 1411 991 1472 interfutu-

25 1521 94 1576 ¹um,
107 1501 292 1580 nullamque
306 1509 490 1582 suspectam
502 1502 651 1564 unionem
665 1519 769 1581 neque
783 1499 870 1562 intra
887 1516 991 1578 noque

25 1600 103 1654 nitra
115 1596 384 1665 conservaturum,
394 1609 464 1670 quae
474 1590 701 1672 tranquillitati
715 1589 848 1670 publicae
859 1593 989 1663 noceat;

25 1689 45 1742 u
59 1680 96 1754 si,
111 1685 173 1740 tam
188 1680 221 1740 in
237 1678 368 1740 dioeccai
383 1679 565 1758 meagquam
594 1681 682 1754 alibi,
699 1679 843 1741 nouerim
870 1675 992 1758 aliquid

25 1789 46 1831 n
64 1769 168 1830 Status
183 1768 333 1828 damnum
347 1767 492 1842 tractari,
504 1767 663 1828 Gubernio
677 1767 928 1830 manifestabo.»

51 1860 126 1921 dar.
139 1857 203 1919 vlt.
220 1891 259 1902 -
274 1855 490 1918 Ecclesiastici
505 1855 634 1918 secundi
650 1853 773 1916 ordinis
796 1855 882 1916 idem
903 1857 993 1932 jura·

25 1953 154 2010 neutum
182 1945 327 2008 emittent
360 1963 468 2007 coram
508 1943 758 2007 auctoritatibus
796 1941 942 2006 civilibus
974 1961 995 2004 a

25 2035 177 2098 lallicano
191 2033 353 2095 Gubernio
368 2033 553 2112 designatis.

49 2127 127 2187 Aac.
143 2123 217 2184 Viti.
236 2153 277 2170 -
301 2119 631 2202 Postfdivinaolircia,
660 2120 695 2183 in
714 2121 862 2185 omnibus
883 2119 995 2183 catho-

25 2217 82 2278 icis
99 2213 206 2274 Galliae
222 2210 358 2290 templis,
377 2212 422 2274 sic
438 2213 583 2275 orabitur
600 2229 608 2276 ε

49 2303 192 2377 Domine,
208 2299 325 2362 saluum
339 2303 392 2384 soc
404 2300 664 2384 Bempublicam,·

49 2391 193 2468 Domine,
206 2389 306 2452 saluos
318 2391 370 2472 fac
387 2389 544 2454 Consules.

51 2485 129 2544 rtur.
152 2483 208 2544 ix.
225 2515 266 2528 -
281 2482 442 2562 Episcopi,
456 2483 490 2543 in
503 2501 563 2544 sua
585 2479 719 2560 quisque
739 2475 879 2553 dioecesi,
896 2495 996 2540 novas

25 2570 171 2634 ‚armcias
193 2569 479 2645 circumscribent3
508 2589 578 2650 quaa
617 2566 872 2645 circumscriptio
902 2585 997 2628 suum

25 2679 76 2724 on
91 2660 248 2722 sortietur
274 2659 432 2736 ellectum,
467 2659 531 2721 nisi
556 2663 728 2738 postquam
753 2655 904 2718 Gubernii
920 2675 997 2719 con·

25 2769 126 2814 ansus
158 2749 339 2812 accesserit.

50 2841 129 2901 Aur.
147 2839 187 2900 x.
206 2837 351 2900 -iidem
372 2837 514 2918 episcopi
536 2837 577 2900 ad
593 2835 749 2918 paroecias
763 2835 972 2898 nominabunt
987 2852 996 2912 ;

30 2946 69 2992 ec
85 2945 244 3005 personas
263 2926 412 3005 seligent,
429 2928 490 2988 nisi
505 2925 665 2989 Gubernio
681 2931 838 3005 acceptas.

51 3019 129 3077 ianr.
147 3015 199 3078 Xi.
216 3051 254 3062 ·-
278 3016 431 3078 Poterant
455 3016 554 3078 iidem
583 3014 725 3096 episcopi
753 3015 873 3076 habere
900 3031 998 3074 unum

25 3105 197 3179 :opitulum
208 3105 241 3166 in
258 3103 434 3168 cathedrali
450 3105 598 3181 ecclesia,
615 3111 713 3184 atque
739 3119 839 3164 unum
863 3101 999 3162 semina·

26 3194 97 3250 ium
112 3192 147 3250 in
160 3211 219 3252 sua
229 3195 364 3274 quisquc
376 3193 516 3270 dioecesi,
534 3195 602 3258 sinc
619 3192 791 3256 dotationis
803 3189 998 3270 obligatione

26 3300 45 3338 x
59 3283 155 3354 parte
169 3279 334 3344 Gubernii.

47 3369 218 3430 demitti.
244 3401 282 3416 -
310 3369 424 3433 Omnia
450 3372 572 3452 templa
600 3367 860 3452 metropolitana,
891 3373 1000 3433 cathe-

30 3457 130 3534 ralia,
145 3457 359 3538 parochialia,
375 3466 472 3541 atque
487 3462 553 3524 alia
578 3477 649 3542 quae
674 3475 739 3521 uon
759 3457 901 3522 alienata
916 3467 1000 3537 sunt,

25 3547 114 3608 ultui
130 3549 328 3621 necessaria,
346 3549 572 3630 episcoporum
591 3547 799 3630 dispositioni
815 3549 996 3612 tradentur.

46 3639 129 3699 Ans.
147 3638 230 3700 iiiii.
248 3672 287 3684 -
312 3637 470 3702 Sanctitas
482 3639 556 3718 Sua,
573 3655 632 3720 pro
649 3636 736 3720 pacis
751 3637 837 3701 bono
852 3639 1001 3720 felicique
