2462 3984
429 309 515 361 trem
535 311 668 361 merrus.
978 295 1033 360 tor

85 425 137 469 non
155 413 340 492 suspectum,
363 415 421 474 eto.
448 411 554 474 Plures
576 429 664 474 casus
691 417 792 472 tanren
820 411 1034 492 excipiuntur:

84 513 197 578 nempe:
210 501 241 560 t‘
254 499 279 562 si
293 517 363 562 rcus
375 497 527 582 excipiens
542 504 721 582 protestatus
730 500 768 562 sit
781 506 850 563 ante
863 501 946 562 titem
956 499 1036 581 qudd

82 585 163 649 mirus
180 587 247 650 vetit
268 587 427 651 esse-alias
448 589 660 671 exceptiones,
684 587 777 651 modo
797 589 862 652 ittae
882 587 915 654 in
935 588 1036 670 specie

82 677 225 755 exprimam
236 681 268 739 2⁰
277 677 301 739 si
312 682 380 759 post
390 676 473 740 litem
483 683 680 741 contestatam
689 724 696 754 ,
705 677 842 758 exceptio
855 683 921 739 ortu
934 675 1033 752 tuerit,

81 763 117 824 ret
126 766 248 844 prinum
257 765 442 850 cognite,vel
454 773 527 830 tunc
541 765 733 830 solummodo
752 767 883 848 potuerit
896 766 1033 848 proberi;

79 854 227 918 3·sistatim
236 863 304 940 post
313 856 397 919 litem
406 863 602 920 contestatam
611 862 783 938 opponatur
791 854 830 936 (o.
838 853 1034 932 Pastoratist,

79 939 242 1028 decerpe).
255 945 332 1009 vide
344 946 446 1028 plures
455 945 529 1009 atius
538 944 620 1028 apud
632 944 726 1007 Bouix
736 942 1035 1022 enumeratustr'bid,

109 1124 189 1186 5909.
212 1126 319 1198 Quoad
331 1126 403 1190 rerd
416 1127 609 1208 exceptiones
619 1123 842 1209 peremptorias,
861 1121 1038 1204 regulariter

77 1227 112 1270 ee
124 1221 190 1274 sunt
201 1214 391 1298 opponendae
404 1221 472 1298 post
485 1219 682 1277 contestatam
696 1215 791 1277 litem.
807 1216 850 1275 tta
862 1211 1036 1276 communi-

77 1303 114 1359 ter
125 1317 157 1362 ex
167 1302 230 1386 tege
240 1307 379 1382 romane,
390 1311 419 1368 et
432 1305 509 1366 ratio
519 1310 565 1367 est
578 1303 649 1384 quia
658 1302 831 1383 hujusmodi
843 1302 1037 1384 exceptiones

77 1396 135 1452 sunt
148 1393 264 1476 proprie
275 1395 437 1458 exclusive
447 1393 572 1455 aetionis
579 1410 591 1468 ;
602 1394 690 1475 porrd
699 1391 818 1455 exctudi
832 1391 936 1473 nequit
945 1391 1035 1468 actio,

76 1485 221 1564 antequam
230 1485 354 1562 existat,
365 1483 447 1566 quod
458 1481 572 1546 secedit
585 1501 639 1564 per
648 1481 966 1546 litisoontestationem.
978 1481 1037 1542 xlt-

76 1586 134 1646 quae
144 1576 240 1635 tamen
253 1573 447 1655 exceptiones
458 1579 528 1636 sunt
536 1571 739 1648 admittendae,
749 1577 783 1634 ut
791 1569 891 1633 videre
902 1577 946 1631 cst
956 1569 1036 1650 apud

76 1659 200 1722 eumdem
215 1663 329 1738 Bouix,
345 1663 389 1724 De
401 1661 514 1739 dudio,
529 1665 552 1723 t.
569 1665 600 1736 ἢ,
615 1680 645 1742 p.
663 1665 731 1738 trs,
747 1659 827 1742 apud
839 1677 931 1741 quem
946 1660 1036 1721 etium

77 1743 151 1809 rideri
162 1757 256 1831 potest
265 1769 307 1814 an
315 1749 407 1831 judex
416 1749 673 1833 possitpraettgere
683 1749 847 1811 terminum
858 1749 935 1810 intre
943 1767 1036 1829 quem

76 1839 320 1916 proponideteanr
328 1840 519 1923 exceptiones
526 1841 586 1902 sive
593 1839 737 1901 dilutoriae
747 1838 807 1900 sive
815 1837 1033 1918 peremptoriae.

108 1929 185 1991 stru.
208 1931 398 2014 [tegulariter
415 1929 606 2012 exceptiones
625 1945 688 1990 non
713 1925 850 2006 uindice
873 1927 961 1988 seda
985 1945 1036 1988 reo

80 2021 134 2074 runt
144 2019 363 2102 proponendae,
379 2019 527 2101 quianon
543 2036 701 2099 opponens
719 2017 769 2095 jus
785 2015 864 2095 quod
885 2015 941 2076 sibi
956 2033 1037 2077 eom-

79 2103 148 2182 Ptfii,
161 2117 304 2174 censetur
316 2108 389 2172 itlud
399 2109 561 2170 remittere.
577 2109 645 2169 Duo
654 2113 756 2168 tumen
770 2121 858 2166 casus
876 2109 946 2165 sunt
959 2105 1036 2167 exci-

76 2190 184 2268 piendi:
211 2203 243 2262 t⁰
266 2217 356 2262 casus
379 2217 440 2281 quo
465 2203 548 2260 ector
570 2201 648 2259 esset
671 2192 950 2258 excommunicatus
974 2213 1035 2257 non

74 2281 216 2367 totemtus3
232 2292 266 2352 2⁰
288 2306 395 2351 omnes
417 2287 609 2369 exceptiones
632 2303 700 2368 quae
715 2285 779 2366 ipso
796 2283 864 2362 jure
884 2283 1034 2348 actionem

73 2372 219 2456 perimunt,
229 2385 264 2441 ut
276 2378 469 2460 exceptiones
483 2376 641 2439 solutionis
651 2373 923 2456 etpraesoriptionis
936 2373 960 2434 si
976 2373 1036 2436 sint

73 2465 302 2531 notoriaedttiam
309 2465 375 2529 uiuri
385 2484 450 2530 occe
459 2465 586 2548 proponi
598 2471 723 2546 possunt
731 2464 935 2542 exceptiones,
944 2463 1035 2525 modu

71 2547 102 2609 ad
112 2559 171 2616 acta
180 2556 366 2639 redigantur.
381 2555 425 2617 th
434 2574 471 2618 eo
482 2556 533 2636 qui
544 2553 608 2617 iltes
621 2552 761 2635 proponit
774 2557 845 2612 sunt
858 2550 1032 2632 probandae.

71 2636 105 2700 Ita
124 2643 329 2708 iustinianum
350 2645 401 2726 jus
423 2643 505 2726 apud
524 2643 620 2705 Bouix
638 2641 704 2721 (ib,
719 2660 751 2722 p.
775 2638 859 2721 xro),
875 2638 926 2701 ubi
948 2641 1033 2721 plura

71 2725 118 2790 ulia
130 2730 269 2814 teguntur
282 2735 361 2798 circs
374 2735 470 2796 varias
483 2732 686 2814 exceptiones.

104 2821 186 2884 591¹.
209 2824 332 2896 Quaerit.
355 2822 433 2896 Ouid
452 2839 541 2903 egere
563 2820 672 2883 debeat
689 2819 782 2902 judex
801 2820 924 2902 qnando
936 2841 1031 2906 oppo.

71 2913 173 2974 nuntur
184 2919 290 2976 eontra
304 2911 404 2994 ipsum
420 2911 613 2992 exceptiones
626 2908 800 2972 dilatoriae't

104 2997 187 3082 Resp.
217 3001 273 3064 Vei
300 3001 453 3084 excipiens
479 2999 634 3063 contendit
657 2999 751 3079 judici
773 3017 834 3062 non
861 3009 1032 3084 competere

71 3081 296 3158 jurisdictionem
317 3095 368 3152 aut
382 3107 448 3152 esse
469 3107 506 3152 ex
527 3089 629 3170 aliquo
642 3087 761 3152 detecto
775 3087 950 3172 impeditam
963 3112 970 3167 3
987 3093 1032 3154 rot

71 3179 184 3254 opponit
196 3181 314 3242 tantirm
328 3179 410 3260 qudd
419 3177 513 3258 judex
527 3178 565 3240 sit
578 3179 634 3240 sibi
649 3185 805 3261 suspectus
820 3199 826 3239 :
843 3181 868 3240 si
883 3180 977 3259 prius,
994 3181 1031 3242 ad

69 3261 189 3338 iudicem
209 3270 339 3354 pertinet
352 3267 547 3350 pronuntiare
565 3268 603 3330 de
620 3268 720 3330 valore
734 3267 933 3346 exceptionis,
950 3275 980 3328 et
993 3269 1031 3330 ab

69 3347 119 3415 htc
142 3359 288 3422 sententis
309 3365 413 3440 utpote
440 3357 665 3421 interlocutoria
685 3375 746 3418 non
761 3362 858 3438 potest
878 3357 1030 3437 excipiens

68 3444 209 3525 appetiere
235 3447 291 3512 nisi
315 3449 348 3510 in
370 3447 552 3529 quibusdum
575 3445 711 3522 casibus,
733 3450 767 3507 ut
785 3444 917 3508 diximus
940 3467 1030 3531 supra

70 3532 159 3609 tttttttr
178 3537 203 3599 si
228 3537 394 3619 posterius,
419 3536 512 3621 iudex
537 3535 642 3618 nequit
667 3535 745 3597 ultra
771 3534 949 3615 procedere,
976 3541 1029 3603 sed

71 3618 151 3684 debet
160 3624 305 3704 judicium
318 3627 356 3690 de
373 3627 424 3690 tali
438 3627 616 3708 exceptione
634 3621 754 3686 arbitris
773 3625 980 3707 committere,
995 3635 1028 3691 ut

71 3708 207 3776 ridebitur
218 3713 249 3778 in
262 3722 296 3780 n·
309 3719 460 3790 mouenti
