2548 3988
441 339 522 387 uum
545 343 680 390 rennes.
984 333 1045 398 369

88 469 120 518 m
136 468 195 530 ern.
225 447 341 531 ¹Nuper,
366 452 416 522 29,
440 450 475 512 de
492 457 615 516 suerent.
645 473 785 520 euenum.
816 460 918 520 rosseu
942 465 1044 522 tamen
1194 533 1198 540 ¹

87 539 344 606 exmmurunieutiu
357 539 453 617 major
467 538 536 602 ferri
548 550 655 605 eontra
674 561 726 607 eos
746 545 798 628 qui
823 546 931 609 nolunt
944 546 1042 610 desis-
1065 541 1071 552 '

85 629 172 696 iered
197 627 466 700 communicando,
491 629 583 692 etium
611 631 640 692 in
657 630 810 713 humenis,
825 652 895 698 cum
914 653 1040 698 excom-

83 717 228 784 municetis
247 717 385 780 vitandis.
414 716 488 782 Vide
502 719 648 796 Sirernier
673 721 739 800 (in,
761 743 792 802 p.
809 724 902 804 98ης
928 731 958 787 et
972 743 1039 806 een.

81 809 240 890 statuimus,
260 806 295 869 de
320 817 439 869 sentent.
461 827 616 887 excomm,
644 809 676 872 in
688 813 734 873 6⁰.
759 813 802 873 Dn
817 811 865 874 his
885 813 963 876 5.(1.
981 817 1039 896 Ap.

77 897 152 972 Sed,
169 898 259 974 sunrd
282 898 386 976 (1650,
401 896 505 979 xvir).

122 1017 204 1114 6555.
228 1011 350 1146 (guaerit.
366 1012 399 1071 6⁰
415 1011 461 1070 dn
475 1006 637 1091 aliquando
650 1005 737 1070 licent
749 1023 821 1070 eum
834 1003 955 1068 vitando
964 1022 1044 1106 eom·

87 1119 249 1164 munnere.

124 1207 207 1285 Resp.
225 1201 425 1278 Murmure,
439 1205 470 1264 ei
481 1200 539 1262 hoe
552 1198 677 1282 quidem
693 1199 724 1261 in
738 1200 874 1282 quinque
892 1195 1010 1260 casibus
1029 1199 1045 1258 5

86 1295 115 1356 S.
127 1295 227 1374 Gregr.
244 1294 296 1354 Vll
309 1292 352 1368 (in
366 1309 432 1373 cap.
447 1289 589 1367 Quoniam
599 1287 705 1349 multos
717 1291 790 1366 103,
801 1303 893 1351 cause
905 1290 959 1366 11,
970 1305 1000 1368 q.
1014 1289 1043 1366 3)

85 1381 267 1458 definiris‚et
276 1380 471 1461 sequentibus
482 1379 617 1441 versibus
626 1378 793 1459 expressis:
877 1451 879 1454 Ι

172 1504 229 1556 Hee
242 1502 371 1555 anathema
384 1501 483 1569 quidem
496 1501 607 1564 solvunt,
621 1515 653 1553 ne
664 1500 743 1568 possit
755 1499 863 1555 ubeeeer

172 1583 237 1638 Utile
247 1620 255 1646 ,
266 1583 321 1646 lex,
336 1583 443 1646 humile,
457 1598 496 1635 res
508 1583 634 1650 ignorate,
648 1597 757 1635 neeesse.

121 1700 208 1760 6553.
231 1729 272 1744 -
293 1699 324 1758 1⁰
348 1695 428 1759 Utile
442 1694 615 1775 intelligitur
634 1695 697 1755 idm
716 1692 755 1756 de
768 1695 1045 1758 excommunicato:

84 1785 162 1850 unde
177 1785 293 1848 licitum
307 1791 353 1847 est
372 1783 459 1847 ilium
474 1782 586 1864 alloqui
602 1781 649 1844 vel
665 1782 693 1844 ei
706 1781 837 1844 seribere
850 1789 1048 1846 5555555515-

82 1880 144 1951 tur,
169 1875 261 1954 quim
287 1872 326 1936 de
365 1871 463 1934 aliis:
497 1871 580 1934 unde
615 1870 684 1932 iicet
718 1868 756 1930 ab
789 1872 1048 1934 excommunicato

82 1971 183 2046 petere
199 1961 376 2040 eonsilium,
396 1967 448 2022 eut
460 1960 565 2023 audire
579 1959 772 2033 concionem
789 1958 862 2020 item
876 1957 943 2020 lieet
959 1959 997 2020 ub
1012 1979 1048 2021 eo

81 2053 200 2132 exigere
223 2049 373 2125 debitum,
393 2047 439 2111 rel
458 2048 484 2110 ei
503 2047 581 2110 desii
595 2047 672 2110 elius
685 2047 772 2128 aeque
786 2045 927 2124 idoneus,
948 2053 1049 2128 peiere

81 2139 279 2217 medicinam,
292 2137 575 2216 euteleemosynam
587 2156 595 2212 ;
607 2134 731 2198 sednon
745 2133 813 2197 lieet
822 2152 893 2198 eum
906 2153 944 2197 eo
956 2153 1049 2198 novos

80 2228 158 2290 inire
168 2235 350 2304 contractus,
362 2223 659 2308 quemvisliceetjem
668 2222 951 2289 initoseuntinuure.
961 2227 992 2288 S.
1004 2225 1050 2288 Li·

79 2336 184 2398 guum,
200 2317 250 2379 lib.
266 2321 305 2395 ’1,
321 2319 431 2379 50501.

121 2425 214 2486 6554.
234 2457 276 2470 -
296 2426 328 2484 2⁰
349 2421 415 2484 Lex
434 2419 609 2502 inteiligiiur
624 2417 662 2482 de
680 2421 747 2500 lege
765 2419 964 2499 matrimonii,
980 2421 1051 2502 quie

77 2511 152 2575 licet
175 2511 262 2574 uxori
298 2510 523 2574 communicare
551 2525 621 2572 curn
650 2507 758 2570 merito
791 2509 1051 2572 excommunicato

76 2603 155 2678 (non
177 2602 247 2663 rerd
260 2618 332 2663 curn
346 2618 383 2663 eu
396 2597 448 2680 qui
462 2605 579 2661 tantum
593 2603 638 2662 est
651 2597 800 2680 sponsus),
816 2602 846 2659 et
858 2598 922 2662 viee
938 2602 1022 2662 versu
1040 2617 1049 2661 ε

76 2689 165 2751 unde
186 2690 331 2771 conjuges
353 2694 481 2770 possunt
502 2690 520 2750 d
540 2706 573 2750 se
593 2687 639 2751 vel
659 2687 715 2750 eibi
738 2686 866 2750 inrieem
886 2694 986 2770 petere
1001 2695 1052 2752 eut

75 2777 210 2840 reddere
223 2777 374 2854 debitum,
385 2775 594 2858 utperieuium
608 2777 834 2840 incontinentiae
843 2777 964 2852 vitetur,
981 2779 1052 2842 etin

62 2867 226 2967 {omnibus
249 2865 313 2928 eliis
331 2867 438 2928 mutud
461 2866 645 2942 conversuri3
669 2873 729 2929 tres
750 2875 852 2930 temen
875 2885 963 2931 ersus
976 2871 1054 2932 exci-

73 2955 209 3037 piuntur
221 2975 229 3014 ι
241 2959 272 3017 {⁰
281 2954 403 3036 quando
416 2960 487 3016 suni
501 2953 724 3036 perdirertium
734 2958 875 3038 separatu
887 2961 919 3019 2⁰
929 2958 1051 3040 quando

60 3035 356 3106 'excommunicatio
372 3043 488 3106 estleia
501 3049 624 3124 propter
637 3042 764 3107 dubium
778 3045 885 3108 valoris
900 3047 1053 3112 menime

74 3129 143 3204 nii;
168 3133 201 3190 3·
224 3132 345 3230 quando
365 3133 439 3196 ulter
452 3132 619 3214 conjugum
640 3137 683 3195 esi
701 3139 822 3216 propter
840 3135 978 3198 haeresim
1000 3155 1051 3198 ex·

71 3225 340 3281 communicatus.

120 3325 218 3385 6555.
243 3322 415 3402 Disputatur
427 3341 467 3386 en
475 3323 709 3387 communicatio
720 3325 815 3407 possit
828 3323 892 3388 fieri
907 3327 937 3388 in
948 3326 1054 3392 divinis

70 3429 157 3480 eum
172 3411 303 3491 coniuge
323 3413 593 3474 excommunicetu.
608 3445 648 3459 —
661 3414 767 3476 Verior
780 3415 927 3477 sententie
947 3426 1053 3498 neget,

69 3499 157 3584 quia
172 3501 281 3582 ineup.
293 3499 509 3577 lateranum,
520 3499 636 3564 derunt.
647 3519 786 3564 excomm.
797 3549 804 3578 ‚
816 3503 1009 3567 Innocentius
1017 3509 1054 3570 lli

71 3607 147 3652 non
163 3590 311 3672 permitiit
323 3589 630 3652 eommunicutionem
643 3590 823 3673 coniugibus
836 3591 894 3654 nisi
907 3600 1056 3676 quatenus

69 3683 128 3740 est
142 3679 316 3748 neceesaria
328 3677 367 3742 ud
380 3678 586 3758 prestandum
595 3677 776 3760 obsequium
787 3678 922 3744 debitum
933 3699 941 3743 ε
952 3683 1005 3746 sed
1018 3683 1055 3748 ud

942 3785 994 3842 ss·
