2548 3988
194 207 252 269 aad
411 214 547 262 rinuutcn
567 213 668 260 ronus
687 210 770 256 runis
789 209 936 256 canonici.

193 328 384 390 summatum,
400 331 527 378 censurae
537 309 810 396 proportionatum,
826 305 1014 388 conjunctum
1029 327 1099 371 cum
1111 325 1191 370 mn-

195 406 323 470 tumocid
334 410 365 468 'ct
374 405 543 488 proprium.

235 495 348 558 Dicitur
363 499 392 555 t⁰
407 492 442 556 ob
454 491 546 554 solum
557 495 719 573 perentam,
734 489 948 571 quiaccnsurae
962 493 1035 551 sunt
1046 507 1188 570 poenae:

195 584 278 650 unde
295 582 445 666 quidquid
458 587 580 644 excusat
595 582 612 642 a
626 583 751 662 peccato
765 579 917 640 excusata
930 582 1085 640 censura:
1102 597 1140 639 v.
1155 597 1188 660 g.

196 674 412 738 inadvertentia
425 719 433 749 ,
448 667 618 752 ignorantia
638 665 836 744 invincibilis,
854 664 989 729 delectus
1003 665 1188 743 libertatis,

197 771 277 842 eto.;
297 781 389 826 enon
408 757 570 823 incurritur
582 774 711 820 censura
733 755 773 817 ob
789 761 946 838 peccatum
973 754 1028 818 soli
1044 755 1190 818 naturali

197 875 214 914 a
238 853 284 916 vel
307 851 409 916 divino
430 847 491 929 juri
513 863 703 930 repugnans,
728 843 781 907 sed
803 844 966 925 requiritur
986 853 1190 927 praeceptum

197 963 215 1002 a
238 941 379 1006 Ecclesiae
393 937 476 1020 quod
495 934 712 999 contumaciter
730 933 856 996 violetur
869 953 904 994 u:
919 952 970 1016 ap.
995 934 1027 996 S.
1047 935 1187 1016 Liguor.

200 1032 262 1112 (lib.
278 1037 309 1106 7,
325 1041 359 1092 n⁰
370 1031 435 1104 tau
447 1026 508 1088 imd
518 1031 552 1088 ut
565 1025 633 1107 quis
646 1022 736 1106 possit
746 1040 906 1085 censuram
919 1023 1089 1102 incurrere,
1102 1024 1190 1087 scire

201 1120 290 1182 debet
303 1117 376 1180 illud
391 1134 456 1178 esse
470 1113 527 1177 sub
541 1115 668 1176 censura
682 1111 882 1194 prohibitum,
893 1111 965 1194 quia
977 1112 1051 1175 alias
1066 1113 1189 1176 iterum

202 1208 318 1269 deesset
331 1205 538 1266 contumacia:
560 1201 628 1264 ideo
642 1205 765 1263 excusat
786 1201 955 1280 ignorantia
974 1201 1187 1274 invincibilis,

204 1314 265 1358 non
280 1293 378 1356 sotum
398 1291 579 1354 antecedens
598 1290 755 1353 sedetiam
769 1289 992 1364 concomitans,
1008 1291 1060 1372 qui
1073 1309 1131 1369 ,aa
1153 1313 1186 1373 g.

203 1383 311 1447 occidit
337 1381 482 1444 clericum
509 1381 651 1461 ignorans
678 1397 743 1441 csse
769 1379 934 1458 clericum,
961 1397 1024 1442 non
1050 1381 1188 1443 incurrit

204 1469 561 1546 excommunicationem,
574 1469 725 1550 quamvis,
741 1486 774 1530 rc
786 1469 923 1550 cognita,
942 1468 1120 1532 occidisset:
1139 1487 1188 1534 se-

204 1579 259 1622 cus
274 1561 297 1622 si
313 1559 426 1621 diceret
440 1577 447 1618 ι
461 1557 524 1619 colo
538 1557 614 1620 tuuc
627 1557 765 1630 occidere,
780 1557 899 1620 etiamsi
909 1557 951 1619 sit
962 1557 1097 1620 clericus.

244 1651 335 1710 6395.
361 1649 428 1710 lton
451 1646 568 1710 videtur
587 1646 670 1728 qudd
692 1647 861 1728 ignorantia
882 1647 1045 1721 vincibilis,
1069 1666 1143 1729 quae
1168 1651 1186 1711 a

207 1737 286 1820 gravi
299 1743 422 1818 peccato
438 1755 500 1798 non
514 1741 655 1813 excusat,
670 1737 764 1818 possit
776 1735 909 1818 practice
922 1755 1066 1800 excusare
1079 1740 1098 1798 a
1111 1755 1186 1800 cen·

207 1829 276 1890 sura
286 1829 367 1908 (cap.
387 1825 613 1904 Utcnr'morcm,
628 1824 663 1888 cle
675 1825 807 1902 constit,
822 1825 854 1887 in
867 1829 924 1904 6⁰),
942 1825 1000 1887 nisi
1013 1824 1078 1888 haec
1091 1824 1185 1889 luerit

207 1915 264 1978 lata
280 1915 378 1979 solum
394 1916 657 2000 repraesumere,
672 1915 720 1977 vel
733 1914 869 1993 scienter,
883 1922 937 1976 cut
951 1913 1056 1976 tentare
1068 1917 1184 1978 cru'men

204 2013 359 2089 patrantes
379 2005 425 2087 (S.
449 2006 527 2087 Lig,
546 2005 599 2068 lib.
620 2009 653 2083 Ἰ,
668 2003 710 2065 nl·
724 2007 762 2066 tt
776 2049 784 2079 ,
799 2006 866 2082 l'tt:
883 1997 936 2060 sed
957 2003 988 2066 in
1002 2003 1060 2066 hcc
1074 2005 1182 2068 ultimo

207 2113 279 2158 orsu
289 2143 298 2174 ,
310 2095 394 2174 juxta
409 2093 650 2156 communiorem
665 2099 695 2154 et
710 2092 807 2154 multd
821 2091 1053 2174 probabiliorem
1065 2099 1183 2156 senten·

210 2183 292 2258 tiam,
309 2185 326 2244 a
340 2185 466 2244 censura
480 2199 542 2242 non
556 2185 679 2243 excusat
691 2181 861 2262 ignorantia
877 2180 1012 2244 affectata
1026 2183 1102 2263 (cap.
1119 2183 1183 2248 Eos

208 2270 280 2352 qui,
295 2269 331 2330 de
346 2277 468 2350 tempor.
484 2265 596 2347 ordia,
611 2268 642 2330 in
656 2271 711 2348 6⁰).
727 2270 758 2332 S.
775 2269 911 2350 Liguor„
927 2269 986 2342 id..
1002 2280 1035 2332 n⁰
1049 2275 1097 2334 ta.

251 2359 340 2421 6396.
364 2358 460 2420 Metus
479 2362 581 2420 autem
595 2357 709 2440 gravis,
734 2357 780 2421 vel
801 2359 899 2440 gravis
919 2359 1079 2422 necessitas
1099 2364 1179 2426 certe

210 2455 332 2511 excusat
349 2449 527 2524 acensurt,
543 2446 568 2510 si
578 2465 626 2511 res
640 2447 679 2509 sit
690 2447 780 2510 vetita
794 2453 846 2510 aut
863 2455 1013 2530 praecepta
1034 2448 1096 2512 solo
1109 2449 1178 2532 jure

211 2537 430 2615 ecclesiastico,
454 2536 511 2599 nisi
530 2554 578 2598 res
594 2543 744 2618 praecepta
763 2535 868 2599 luisset
889 2536 928 2598 ob
949 2536 1065 2600 bonum
1079 2541 1177 2622 magni

212 2625 378 2702 momenti,
393 2645 421 2686 v.
437 2646 467 2706 g.
485 2625 509 2687 si
523 2626 655 2706 parocho
668 2625 911 2707 praescriberetur
924 2625 1084 2690 residentia
1102 2635 1175 2690 tem-

212 2730 285 2792 pore
299 2715 408 2793 pestis;
425 2714 486 2776 imb
499 2715 562 2776 llll.
575 2715 789 2792 communiter,
803 2719 909 2778 contra
921 2715 1026 2795 Collet,
1042 2716 1119 2779 idem
1130 2716 1175 2780 di-

212 2806 289 2861 cunt
300 2800 324 2860 si
338 2817 386 2862 res
400 2801 439 2863 sit
457 2803 545 2865 vetita
563 2803 654 2865 etiam
671 2803 740 2886 jare
761 2803 889 2866 naturali
912 2811 963 2867 aut
980 2805 1096 2886 divino,
1117 2825 1175 2870 non

213 2887 350 2950 obstante
361 2906 427 2971 cap.
444 2889 604 2965 sacricola
617 2891 664 2953 tris
676 2892 875 2973 quoeci,eto.,
887 2892 940 2955 ubi
954 2893 1063 2957 dicitnr
1076 2905 1174 2958 cretam

213 2978 267 3061 qui
279 2997 337 3038 non
354 2985 473 3039 cecant
489 2979 508 3040 ἀ
526 2981 665 3059 mortali,
680 2999 731 3043 nec
752 2983 842 3044 elium
859 3002 997 3045 eamucre
1009 2984 1028 3046 cl
1042 2985 1171 3048 censurat:
1251 2991 1252 3018 ³

213 3067 286 3150 quia
306 3066 356 3129 bic
375 3071 474 3129 textam
494 3065 620 3147 intelligi
641 3069 747 3148 debet,
761 3071 808 3132 vel
825 3071 864 3132 de
882 3078 964 3135 metu
979 3072 1055 3152 levi,
1080 3075 1120 3136 rel
1138 3075 1173 3138 dc

214 3175 287 3220 casu
304 3156 355 3218 ubi
370 3156 469 3238 agitur
481 3153 513 3216 in
535 3163 763 3239 contemptum,
786 3159 935 3242 siquidem
962 3180 1115 3225 censuram
1128 3163 1173 3226 in-

216 3248 310 3310 currit
321 3245 374 3327 qui
389 3244 429 3307 cb
442 3251 558 3307 metum
575 3245 693 3327 cogitur
710 3266 800 3330 ugera
817 3251 849 3311 in
865 3256 1073 3333 contemptum
1085 3253 1170 3317 eccle-

217 3335 325 3398 siastici
336 3335 495 3418 praecepti,
510 3333 556 3396 vel
566 3335 617 3416 qui
632 3338 672 3397 ob
685 3343 800 3401 metum
813 3345 964 3421 perpetrat
977 3341 1169 3422 gravissimum

216 3425 347 3499 malum,
368 3442 398 3487 v.
418 3443 448 3505 g.
470 3423 496 3486 si
516 3424 700 3507 Episcopum
720 3425 885 3507 occideret,
900 3429 946 3492 vel
969 3430 1034 3493 sine
1044 3430 1168 3509 iurisdic-

217 3511 299 3572 tione
319 3511 538 3575 absolutionem
551 3515 799 3578 sacramentalem
814 3517 991 3597 impertiret,
1006 3519 1075 3599 quia
1091 3520 1117 3580 in
1129 3519 1167 3582 his

218 3595 338 3660 cuibus
348 3605 650 3668 matasconmcuut
660 3603 679 3664 a
689 3599 777 3684 cutpt
786 3600 877 3667 etiarn
889 3609 1166 3688 contrapreceptunr

811 3861 1252 3986 ,ἓ
