2466 4258
177 123 235 192 itt
397 141 536 190 nennius
556 137 660 187 renus
680 133 764 187 turus
787 139 943 188 annuum.

176 270 246 338 tus;
263 265 382 340 quanto
404 265 550 338 tempore
564 255 660 320 simul
676 259 896 336 convixerint,
921 265 954 322 et
969 261 1173 324 condormir-

177 353 261 422 rint;
302 347 372 430 quis
414 347 535 430 primus
573 347 712 409 alterum
751 349 930 428 conjugem
975 352 1173 420 deseruerit:

176 457 324 522 quaenam
338 439 520 501 eliaecausae
531 437 726 499 accesserint
739 438 780 500 ad
792 439 1050 518 separationem
1069 444 1176 521 produ-

177 530 327 606 cendam3
345 533 435 590 anet
454 527 569 606 quibus
589 525 785 604 parentibus,
814 527 946 602 amicis,
965 531 1021 592 uel
1052 533 1177 610 propin·

178 621 249 700 quis
261 617 538 684 manifestaverint
560 615 802 676 matrimonium
817 626 1097 682 consummatum
1122 641 1177 681 nnn

179 709 287 784 luisse,
316 723 434 785 eosque
459 703 645 783 singillatim
670 704 848 766 nominent.
882 707 1065 778 Quatenus
1094 713 1179 770 amba

179 797 329 878 conjuges
339 797 371 857 in
388 794 648 874 responsionibus
663 793 872 869 conveniant,
889 801 1026 861 attente
1041 801 1181 862 conside·

180 893 279 959 retur,
297 891 403 946 utrum
419 883 555 961 suspicio
571 882 654 942 adsit
667 880 805 960 alicujus
818 883 1032 960 collusionis,
1049 893 1085 949 et
1112 895 1179 950 tunt

180 971 595 1052 omniaetsingnlaiisdem
617 969 823 1049 objiciantur,
851 978 888 1034 ut
903 973 1016 1052 fraus,
1045 976 1179 1052 siadsit

180 1068 360 1142 detegatur.

220 1153 271 1216 tt.
293 1153 439 1215 Partibus
453 1149 530 1230 ipsis
544 1149 671 1224 auditis,
687 1150 827 1213 examini
840 1149 1076 1232 subjiciantur
1090 1163 1179 1220 testes

182 1243 306 1306 inducti
318 1241 358 1304 ab
374 1241 486 1302 iisdem
495 1238 696 1316 conjugibus,
708 1257 745 1300 sc
756 1241 857 1318 primo
874 1258 997 1304 eorum
1018 1253 1177 1326 parentes,

182 1334 257 1416 quia
273 1331 383 1394 melius
404 1326 568 1389 informati
591 1335 842 1405 praesumuntur,
858 1337 983 1408 postea
998 1350 1087 1397 vero
1113 1353 1177 1416 pro·

183 1421 303 1502 piuqnl‚
321 1416 442 1490 famuli,
455 1414 561 1490 umidi,
572 1413 679 1492 vieini,
697 1422 727 1478 st
740 1423 900 1496 quotquot
914 1417 960 1481 de
977 1439 1016 1483 re
1035 1423 1176 1486 instructi

184 1515 388 1588 reputantur.
407 1503 437 1566 Si
459 1505 531 1582 quis
547 1521 588 1566 ex
614 1504 749 1566 testibus
770 1511 919 1567 mortuus
949 1509 1072 1591 luerit,
1107 1514 1174 1574 tides

183 1597 294 1660 mortis
315 1593 509 1674 requiratur,
526 1593 609 1654 inter
630 1599 702 1656 acta
714 1593 916 1656 recensenda
932 1612 942 1674 ;
958 1599 989 1659 ai
1006 1618 1089 1663 vero
1118 1603 1171 1662 aliu

184 1684 307 1762 abierit,
319 1687 450 1745 curetur
460 1687 494 1743 ut
508 1700 566 1762 per
576 1681 779 1745 ordinarium
792 1683 864 1760 loci,
877 1684 935 1745 nbi
944 1697 1165 1752 commoratur.

185 1775 396 1838 examinetur.
422 1771 643 1850 Interrogandi
658 1777 767 1834 autem
794 1779 888 1834 erunt
903 1781 1022 1848 testes,
1048 1795 1160 1858 praser-

185 1869 263 1930 tim:
280 1883 321 1927 an
335 1867 530 1942 cognoscant
554 1861 720 1940 conjuges,
736 1860 906 1940 dequibus
921 1871 975 1926 est
988 1883 1112 1929 sermo:
1122 1883 1152 1924 ru

186 1955 297 2028 sciant,
312 1959 418 2014 utrum
434 1950 572 2012 libenter
587 1959 761 2030 mutuoque
776 1949 895 2012 affectu
911 1971 987 2016 sese
1002 1957 1159 2036 copulare-

186 2047 262 2118 rint‚
287 2039 549 2115 condormierint‚
584 2039 823 2101 matrimonium
848 2045 1165 2119 consummaveram

186 2133 302 2214 quibus
317 2127 467 2192 decausis
480 2145 705 2190 consummare
725 2126 930 2209 nequiverint
947 2145 959 2208 ;
985 2149 1030 2194 an
1048 2133 1089 2196 ad
1104 2151 1169 2196 can·

187 2239 241 2284 sas
265 2219 334 2281 illas
357 2217 552 2281 amovendas
568 2215 701 2297 aliquid,
728 2223 759 2279 et
782 2217 860 2296 quid
876 2220 1005 2299 experti
1033 2221 1169 2294 streniam

187 2317 305 2384 utrum,
318 2315 351 2370 et
367 2308 458 2389 cuius
475 2305 603 2384 generis
618 2311 815 2387 conquestus
838 2307 927 2370 inter
941 2327 1001 2371 eos
1014 2312 1130 2382 exorti,
1143 2319 1169 2371 et

188 2415 335 2482 quaenam
351 2413 463 2459 eornm
479 2413 576 2457 causa
589 2409 599 2473 ;
611 2395 698 2457 unde
712 2395 866 2458 sciverint
879 2413 954 2476 qnae
983 2399 1149 2480 deponunt
1162 2413 1169 2476 ;

187 2497 218 2551 et
231 2489 258 2550 si
279 2489 319 2549 ab
336 2483 499 2549 extraneis
512 2502 550 2546 ea
565 2483 792 2563 compererint,
809 2485 973 2564 quomodo
1003 2497 1167 2563 vocantur,

186 2585 218 2640 et
233 2577 363 2638 ubinam
382 2579 629 2637 commorentur.
645 2571 870 2653 interrogandi
885 2591 1019 2656 qnoque
1039 2577 1081 2640 de
1093 2577 1168 2639 iamt

189 2675 252 2727 tam
273 2666 356 2743 apud
372 2664 564 2743 ipsosquem
591 2663 676 2742 apud
701 2659 782 2723 alios
808 2659 895 2725 eirca
923 2671 1089 2729 assertam
1112 2683 1167 2728 non

189 2749 506 2827 consummationem,
522 2759 553 2814 et
567 2749 802 2831 impotentiam.

229 2844 260 2906 Si
280 2847 387 2924 partes
403 2841 483 2919 ipsae
497 2847 552 2903 aut
565 2845 665 2903 testes
687 2837 908 2919 deposuerint,
922 2841 1102 2920 pharmaca
1121 2841 1160 2903 rel

190 2933 332 2998 remedie
346 2931 490 2994 adhibite
506 2931 617 3008 fuisse,
633 2929 816 3011 inquiratur
836 2931 877 2993 de
891 2932 1020 2996 medico
1047 2935 1090 2998 rel
1102 2951 1154 2994 ue·

189 3027 280 3102 dicis,
297 3024 352 3106 qui
364 3021 421 3084 ills
433 3019 712 3102 proscripserunt,
734 3019 767 3082 in
780 3019 938 3099 judicium
964 3027 1163 3098 rocculane

190 3118 430 3192 interrogentur
443 3111 483 3175 de
505 3117 624 3173 natura
638 3110 837 3192 etqualitate
851 3109 966 3184 morbi,
984 3131 1053 3192 qno
1069 3113 1168 3192 conju·

191 3223 246 3283 ges
261 3204 410 3265 laborare
426 3201 650 3282 compererint,
675 3201 714 3262 ds
737 3199 1021 3280 symptomatibus‚
1046 3222 1085 3266 ex
1107 3201 1167 3283 qni·

189 3295 250 3356 bus
265 3293 325 3372 ipsi
340 3297 489 3353 naturam
501 3292 604 3354 morbi
623 3290 824 3362 deduxerint,
849 3288 888 3352 de
904 3291 1044 3372 physica
1066 3293 1169 3355 cousti-

190 3382 317 3446 tutione
334 3379 429 3458 illius,
447 3383 499 3444 cui
515 3381 725 3444 assistentiam
748 3377 980 3460 praebuernnt3
997 3382 1039 3444 de
1062 3389 1168 3446 natura

191 3469 502 3532 medicamentorum
516 3471 746 3547 adhibitorum,
762 3483 821 3530 nee
839 3485 908 3530 non
932 3469 973 3532 de
1002 3470 1116 3536 ellectu
1134 3473 1169 3533 ab
