<?xml version="1.0" encoding="UTF-8"?>
<!DOCTYPE html PUBLIC "-//W3C//DTD XHTML 1.0 Transitional//EN"
    "http://www.w3.org/TR/xhtml1/DTD/xhtml1-transitional.dtd">
<html xmlns="http://www.w3.org/1999/xhtml" xml:lang="en" lang="en">
 <head>
  <title>
</title>
<meta http-equiv="Content-Type" content="text/html;charset=utf-8" />
  <meta name='ocr-system' content='tesseract 3.04.00' />
  <meta name='ocr-capabilities' content='ocr_page ocr_carea ocr_par ocr_line ocrx_word'/>
</head>
<body>
  <div class='ocr_page' id='page_1' title='image "./manualetotiusju02craigoog/manualetotiusju02craigoog_0080.png"; bbox 0 0 2526 3988; ppageno 0'>
   <div class='ocr_carea' id='block_1_1' title="bbox 403 215 1010 278">
    <p class='ocr_par' dir='ltr' id='par_1_1' title="bbox 403 215 1010 278">
     <span class='ocr_line' id='line_1_1' title="bbox 403 215 1010 278; baseline 0.003 -4"><span class='ocrx_word' id='word_1_1' title='bbox 403 225 489 274; x_wconf 79' lang='lat' dir='ltr'>crana</span> <span class='ocrx_word' id='word_1_2' title='bbox 510 225 640 273; x_wconf 79' lang='lat' dir='ltr'>rreum.</span> <span class='ocrx_word' id='word_1_3' title='bbox 978 215 1010 278; x_wconf 84' lang='lat' dir='ltr'>tl</span> 
     </span>
    </p>
   </div>
   <div class='ocr_carea' id='block_1_2' title="bbox 501 383 562 464">
    <p class='ocr_par' dir='ltr' id='par_1_2' title="bbox 501 383 562 464">
     <span class='ocr_line' id='line_1_2' title="bbox 501 383 562 464; baseline 0 -20"><span class='ocrx_word' id='word_1_4' title='bbox 501 383 562 464; x_wconf 76' lang='lat' dir='ltr'>tl·</span> 
     </span>
    </p>
   </div>
   <div class='ocr_carea' id='block_1_3' title="bbox 34 507 1048 692">
    <p class='ocr_par' dir='ltr' id='par_1_3' title="bbox 34 507 1048 692">
     <span class='ocr_line' id='line_1_3' title="bbox 34 507 1014 593; baseline 0.005 -21"><span class='ocrx_word' id='word_1_5' title='bbox 34 510 73 572; x_wconf 76' lang='lat' dir='ltr'>Oe</span> <span class='ocrx_word' id='word_1_6' title='bbox 101 508 193 573; x_wconf 79' lang='lat' dir='ltr'>modo</span> <span class='ocrx_word' id='word_1_7' title='bbox 229 507 422 592; x_wconf 80' lang='lat' dir='ltr'>dt&#39;pnosccadt&#39;</span> <span class='ocrx_word' id='word_1_8' title='bbox 447 510 670 593; x_wconf 81' lang='lat' dir='ltr'><em>competentiam</em></span> <span class='ocrx_word' id='word_1_9' title='bbox 703 516 818 575; x_wconf 84' lang='lat' dir='ltr'>ratione</span> <span class='ocrx_word' id='word_1_10' title='bbox 850 515 1014 577; x_wconf 79' lang='lat' dir='ltr'>entraordi·</span> 
     </span>
     <span class='ocr_line' id='line_1_4' title="bbox 360 601 1048 692; baseline 0.006 -21"><span class='ocrx_word' id='word_1_11' title='bbox 360 610 454 672; x_wconf 81' lang='lat' dir='ltr'>aart&#39;oe</span> <span class='ocrx_word' id='word_1_12' title='bbox 467 608 702 692; x_wconf 79' lang='lat' dir='ltr'>jurisdictionis.</span> <span class='ocrx_word' id='word_1_13' title='bbox 1045 601 1048 608; x_wconf 50' lang='lat'><strong>¹</strong></span> 
     </span>
    </p>
   </div>
   <div class='ocr_carea' id='block_1_4' title="bbox 68 765 1012 852">
    <p class='ocr_par' dir='ltr' id='par_1_4' title="bbox 68 765 1012 852">
     <span class='ocr_line' id='line_1_5' title="bbox 68 765 1012 852; baseline 0.006 -20"><span class='ocrx_word' id='word_1_14' title='bbox 68 771 163 832; x_wconf 78' lang='grc'><strong>5658.</strong></span> <span class='ocrx_word' id='word_1_15' title='bbox 191 765 442 830; x_wconf 81' lang='lat' dir='ltr'>Enaminandum</span> <span class='ocrx_word' id='word_1_16' title='bbox 463 772 509 830; x_wconf 90' lang='lat' dir='ltr'>est</span> <span class='ocrx_word' id='word_1_17' title='bbox 528 768 662 850; x_wconf 80' lang='lat' dir='ltr'>primum</span> <span class='ocrx_word' id='word_1_18' title='bbox 684 771 838 852; x_wconf 83' lang='lat' dir='ltr'>quomodo</span> <span class='ocrx_word' id='word_1_19' title='bbox 858 773 947 836; x_wconf 85' lang='lat' dir='ltr'>luerit</span> <span class='ocrx_word' id='word_1_20' title='bbox 964 795 1012 840; x_wconf 86' lang='lat' dir='ltr'>ac·</span> 
     </span>
    </p>
   </div>
   <div class='ocr_carea' id='block_1_5' title="bbox 30 943 1023 3722">
    <p class='ocr_par' dir='ltr' id='par_1_5' title="bbox 30 943 1016 1570">
     <span class='ocr_line' id='line_1_6' title="bbox 30 943 1015 1028; baseline 0.006 -18"><span class='ocrx_word' id='word_1_21' title='bbox 30 951 121 1011; x_wconf 86' lang='lat' dir='ltr'>etiarn</span> <span class='ocrx_word' id='word_1_22' title='bbox 135 945 265 1009; x_wconf 83' lang='lat' dir='ltr'>sublata</span> <span class='ocrx_word' id='word_1_23' title='bbox 277 943 377 1008; x_wconf 85' lang='lat' dir='ltr'>luerit.</span> <span class='ocrx_word' id='word_1_24' title='bbox 393 945 499 1008; x_wconf 87' lang='lat' dir='ltr'>Omnis</span> <span class='ocrx_word' id='word_1_25' title='bbox 512 952 614 1010; x_wconf 68' lang='lat' dir='ltr'>aumm</span> <span class='ocrx_word' id='word_1_26' title='bbox 625 947 793 1028; x_wconf 78' lang='lat' dir='ltr'>Jurisdictio</span> <span class='ocrx_word' id='word_1_27' title='bbox 808 951 1015 1016; x_wconf 85' lang='lat' dir='ltr'>extraordina-</span> 
     </span>
     <span class='ocr_line' id='line_1_7' title="bbox 32 1034 1016 1119; baseline 0.008 -21"><span class='ocrx_word' id='word_1_28' title='bbox 32 1039 72 1099; x_wconf 86' lang='lat' dir='ltr'>ria</span> <span class='ocrx_word' id='word_1_29' title='bbox 86 1035 266 1118; x_wconf 82' lang='lat' dir='ltr'>acquiritur</span> <span class='ocrx_word' id='word_1_30' title='bbox 278 1034 326 1096; x_wconf 84' lang='lat' dir='ltr'>uel</span> <span class='ocrx_word' id='word_1_31' title='bbox 340 1034 538 1118; x_wconf 76' lang='lat' dir='ltr'>delegatione,</span> <span class='ocrx_word' id='word_1_32' title='bbox 553 1036 599 1100; x_wconf 83' lang='lat' dir='ltr'>vel</span> <span class='ocrx_word' id='word_1_33' title='bbox 613 1037 841 1119; x_wconf 78' lang='lat' dir='ltr'>prorogatione,</span> <span class='ocrx_word' id='word_1_34' title='bbox 857 1041 902 1102; x_wconf 85' lang='lat' dir='ltr'>vel</span> <span class='ocrx_word' id='word_1_35' title='bbox 917 1059 1016 1106; x_wconf 79' lang='lat' dir='ltr'>causta</span> 
     </span>
     <span class='ocr_line' id='line_1_8' title="bbox 32 1123 1016 1216; baseline 0.007 -27"><span class='ocrx_word' id='word_1_36' title='bbox 32 1127 249 1201; x_wconf 85' lang='lat' dir='ltr'>connexione,</span> <span class='ocrx_word' id='word_1_37' title='bbox 261 1123 308 1186; x_wconf 85' lang='lat' dir='ltr'>rel</span> <span class='ocrx_word' id='word_1_38' title='bbox 321 1125 568 1204; x_wconf 78' lang='lat' dir='ltr'>reconventione,</span> <span class='ocrx_word' id='word_1_39' title='bbox 589 1127 634 1188; x_wconf 92' lang='lat' dir='ltr'>vel</span> <span class='ocrx_word' id='word_1_40' title='bbox 657 1128 927 1209; x_wconf 83' lang='lat' dir='ltr'>compromissione</span> <span class='ocrx_word' id='word_1_41' title='bbox 944 1150 1016 1216; x_wconf 88' lang='lat' dir='ltr'>par·</span> 
     </span>
     <span class='ocr_line' id='line_1_9' title="bbox 33 1213 1016 1299; baseline 0.006 -21"><span class='ocrx_word' id='word_1_42' title='bbox 33 1217 124 1288; x_wconf 89' lang='lat' dir='ltr'>tium,</span> <span class='ocrx_word' id='word_1_43' title='bbox 140 1214 192 1278; x_wconf 84' lang='lat' dir='ltr'>vel</span> <span class='ocrx_word' id='word_1_44' title='bbox 206 1213 377 1296; x_wconf 78' lang='lat' dir='ltr'>privilegio.</span> <span class='ocrx_word' id='word_1_45' title='bbox 392 1213 518 1278; x_wconf 81' lang='lat' dir='ltr'>Tollitur</span> <span class='ocrx_word' id='word_1_46' title='bbox 538 1217 609 1278; x_wconf 85' lang='lat' dir='ltr'>verd</span> <span class='ocrx_word' id='word_1_47' title='bbox 629 1215 675 1280; x_wconf 88' lang='lat' dir='ltr'>vel</span> <span class='ocrx_word' id='word_1_48' title='bbox 696 1217 890 1299; x_wconf 87' lang='lat' dir='ltr'>suspenditur</span> <span class='ocrx_word' id='word_1_49' title='bbox 912 1239 1016 1284; x_wconf 88' lang='lat' dir='ltr'>avoca·</span> 
     </span>
     <span class='ocr_line' id='line_1_10' title="bbox 33 1303 1015 1390; baseline 0.005 -22"><span class='ocrx_word' id='word_1_50' title='bbox 33 1310 131 1377; x_wconf 76' lang='lat' dir='ltr'>done,</span> <span class='ocrx_word' id='word_1_51' title='bbox 149 1303 373 1387; x_wconf 76' lang='lat' dir='ltr'>praeventione,</span> <span class='ocrx_word' id='word_1_52' title='bbox 389 1303 599 1387; x_wconf 86' lang='lat' dir='ltr'>appellatione,</span> <span class='ocrx_word' id='word_1_53' title='bbox 620 1305 764 1369; x_wconf 85' lang='lat' dir='ltr'>relatione</span> <span class='ocrx_word' id='word_1_54' title='bbox 786 1313 815 1370; x_wconf 89' lang='lat' dir='ltr'>et</span> <span class='ocrx_word' id='word_1_55' title='bbox 833 1309 1015 1390; x_wconf 88' lang='lat' dir='ltr'>quibusdam</span> 
     </span>
     <span class='ocr_line' id='line_1_11' title="bbox 32 1393 1015 1479; baseline 0.005 -20"><span class='ocrx_word' id='word_1_56' title='bbox 32 1397 98 1459; x_wconf 89' lang='lat' dir='ltr'>aliis</span> <span class='ocrx_word' id='word_1_57' title='bbox 111 1393 355 1459; x_wconf 85' lang='lat' dir='ltr'>circumstantiis</span> <span class='ocrx_word' id='word_1_58' title='bbox 369 1395 386 1455; x_wconf 79' lang='lat' dir='ltr'>t</span> <span class='ocrx_word' id='word_1_59' title='bbox 392 1395 461 1474; x_wconf 87' lang='lat' dir='ltr'>jure</span> <span class='ocrx_word' id='word_1_60' title='bbox 469 1393 675 1458; x_wconf 89' lang='lat' dir='ltr'>determinatis</span> <span class='ocrx_word' id='word_1_61' title='bbox 684 1395 966 1479; x_wconf 77' lang='lat' dir='ltr'>intervenientibus,</span> <span class='ocrx_word' id='word_1_62' title='bbox 977 1399 1015 1464; x_wconf 90' lang='lat' dir='ltr'>de</span> 
     </span>
     <span class='ocr_line' id='line_1_12' title="bbox 33 1482 499 1570; baseline 0 -23"><span class='ocrx_word' id='word_1_63' title='bbox 33 1485 150 1570; x_wconf 87' lang='lat' dir='ltr'>quibus</span> <span class='ocrx_word' id='word_1_64' title='bbox 161 1482 276 1546; x_wconf 83' lang='lat' dir='ltr'>dicturi</span> <span class='ocrx_word' id='word_1_65' title='bbox 290 1499 397 1546; x_wconf 90' lang='lat' dir='ltr'>sumus</span> <span class='ocrx_word' id='word_1_66' title='bbox 411 1482 499 1548; x_wconf 83' lang='lat' dir='ltr'>intra.</span> 
     </span>
    </p>

    <p class='ocr_par' dir='ltr' id='par_1_6' title="bbox 34 1569 1016 2106">
     <span class='ocr_line' id='line_1_13' title="bbox 74 1569 1013 1659; baseline 0.013 -29"><span class='ocrx_word' id='word_1_67' title='bbox 74 1573 243 1638; x_wconf 79' lang='lat'><strong>5659.·-1.</strong></span> <span class='ocrx_word' id='word_1_68' title='bbox 250 1571 281 1634; x_wconf 88' lang='lat' dir='ltr'>Si</span> <span class='ocrx_word' id='word_1_69' title='bbox 289 1569 464 1654; x_wconf 79' lang='lat' dir='ltr'>jurisdictio</span> <span class='ocrx_word' id='word_1_70' title='bbox 475 1573 620 1656; x_wconf 78' lang='lat' dir='ltr'>acquisita</span> <span class='ocrx_word' id='word_1_71' title='bbox 625 1575 721 1656; x_wconf 77' lang='lat' dir='ltr'>faerit</span> <span class='ocrx_word' id='word_1_72' title='bbox 726 1595 782 1658; x_wconf 83' lang='lat' dir='ltr'>par</span> <span class='ocrx_word' id='word_1_73' title='bbox 788 1576 1013 1659; x_wconf 84' lang='lat' dir='ltr'>detepctionem,</span> 
     </span>
     <span class='ocr_line' id='line_1_14' title="bbox 35 1659 1016 1752; baseline 0.001 -22"><span class='ocrx_word' id='word_1_74' title='bbox 35 1666 134 1752; x_wconf 84' lang='lat' dir='ltr'>ipsius</span> <span class='ocrx_word' id='word_1_75' title='bbox 146 1659 300 1741; x_wconf 78' lang='lat' dir='ltr'>extensio,</span> <span class='ocrx_word' id='word_1_76' title='bbox 316 1661 376 1724; x_wconf 86' lang='lat' dir='ltr'>sive</span> <span class='ocrx_word' id='word_1_77' title='bbox 390 1661 490 1744; x_wconf 89' lang='lat' dir='ltr'>quoad</span> <span class='ocrx_word' id='word_1_78' title='bbox 504 1661 579 1742; x_wconf 88' lang='lat' dir='ltr'>loca,</span> <span class='ocrx_word' id='word_1_79' title='bbox 593 1663 653 1726; x_wconf 90' lang='lat' dir='ltr'>sive</span> <span class='ocrx_word' id='word_1_80' title='bbox 667 1665 768 1747; x_wconf 88' lang='lat' dir='ltr'>quoad</span> <span class='ocrx_word' id='word_1_81' title='bbox 787 1685 892 1730; x_wconf 80' lang='lat' dir='ltr'>causas</span> <span class='ocrx_word' id='word_1_82' title='bbox 909 1667 1016 1748; x_wconf 82' lang='lat' dir='ltr'>dijudi-</span> 
     </span>
     <span class='ocr_line' id='line_1_15' title="bbox 36 1750 1016 1836; baseline 0.008 -23"><span class='ocrx_word' id='word_1_83' title='bbox 36 1755 100 1818; x_wconf 77' lang='lat' dir='ltr'>cari</span> <span class='ocrx_word' id='word_1_84' title='bbox 115 1757 219 1836; x_wconf 85' lang='lat' dir='ltr'>potest</span> <span class='ocrx_word' id='word_1_85' title='bbox 231 1751 295 1813; x_wconf 82' lang='lat' dir='ltr'>ttm</span> <span class='ocrx_word' id='word_1_86' title='bbox 308 1767 346 1814; x_wconf 84' lang='lat' dir='ltr'>ex</span> <span class='ocrx_word' id='word_1_87' title='bbox 358 1768 394 1814; x_wconf 87' lang='lat' dir='ltr'>eo</span> <span class='ocrx_word' id='word_1_88' title='bbox 407 1753 426 1814; x_wconf 82' lang='lat' dir='ltr'>t</span> <span class='ocrx_word' id='word_1_89' title='bbox 439 1771 501 1834; x_wconf 86' lang='lat' dir='ltr'>quo</span> <span class='ocrx_word' id='word_1_90' title='bbox 510 1750 656 1829; x_wconf 84' lang='lat' dir='ltr'>dimanat,</span> <span class='ocrx_word' id='word_1_91' title='bbox 666 1758 759 1835; x_wconf 78' lang='lat' dir='ltr'>qutm</span> <span class='ocrx_word' id='word_1_92' title='bbox 774 1774 811 1818; x_wconf 84' lang='lat' dir='ltr'>ex</span> <span class='ocrx_word' id='word_1_93' title='bbox 824 1756 922 1819; x_wconf 87' lang='lat' dir='ltr'>verbis</span> <span class='ocrx_word' id='word_1_94' title='bbox 932 1776 1016 1820; x_wconf 89' lang='lat' dir='ltr'>man·</span> 
     </span>
     <span class='ocr_line' id='line_1_16' title="bbox 34 1839 1015 1927; baseline 0.004 -21"><span class='ocrx_word' id='word_1_95' title='bbox 34 1843 99 1906; x_wconf 85' lang='lat' dir='ltr'>dati</span> <span class='ocrx_word' id='word_1_96' title='bbox 118 1862 126 1904; x_wconf 90' lang='lat'><strong>:</strong></span> <span class='ocrx_word' id='word_1_97' title='bbox 141 1839 229 1906; x_wconf 87' lang='lat' dir='ltr'>unde</span> <span class='ocrx_word' id='word_1_98' title='bbox 242 1841 267 1902; x_wconf 90' lang='lat' dir='ltr'>si</span> <span class='ocrx_word' id='word_1_99' title='bbox 276 1859 419 1904; x_wconf 89' lang='lat' dir='ltr'>concessa</span> <span class='ocrx_word' id='word_1_100' title='bbox 431 1841 521 1904; x_wconf 84' lang='lat' dir='ltr'>luerit</span> <span class='ocrx_word' id='word_1_101' title='bbox 534 1840 572 1904; x_wconf 90' lang='lat' dir='ltr'>ab</span> <span class='ocrx_word' id='word_1_102' title='bbox 595 1843 743 1926; x_wconf 85' lang='lat' dir='ltr'>Episcopo</span> <span class='ocrx_word' id='word_1_103' title='bbox 758 1863 819 1907; x_wconf 91' lang='lat' dir='ltr'>non</span> <span class='ocrx_word' id='word_1_104' title='bbox 846 1851 944 1927; x_wconf 87' lang='lat' dir='ltr'>potest</span> <span class='ocrx_word' id='word_1_105' title='bbox 961 1866 1015 1910; x_wconf 84' lang='lat' dir='ltr'>ex-</span> 
     </span>
     <span class='ocr_line' id='line_1_17' title="bbox 35 1930 1014 2016; baseline 0.001 -19"><span class='ocrx_word' id='word_1_106' title='bbox 35 1932 125 1998; x_wconf 86' lang='lat' dir='ltr'>tendi</span> <span class='ocrx_word' id='word_1_107' title='bbox 138 1937 224 1995; x_wconf 83' lang='lat' dir='ltr'>extra</span> <span class='ocrx_word' id='word_1_108' title='bbox 237 1930 410 2010; x_wconf 90' lang='lat' dir='ltr'>dioecesim,</span> <span class='ocrx_word' id='word_1_109' title='bbox 423 1937 458 1994; x_wconf 85' lang='lat' dir='ltr'>ul</span> <span class='ocrx_word' id='word_1_110' title='bbox 471 1935 560 2014; x_wconf 86' lang='lat' dir='ltr'>patet.</span> <span class='ocrx_word' id='word_1_111' title='bbox 573 1933 646 2004; x_wconf 84' lang='lat' dir='ltr'>Quae</span> <span class='ocrx_word' id='word_1_112' title='bbox 659 1932 765 1995; x_wconf 89' lang='lat' dir='ltr'>dicturi</span> <span class='ocrx_word' id='word_1_113' title='bbox 779 1952 883 1997; x_wconf 89' lang='lat' dir='ltr'>sumus</span> <span class='ocrx_word' id='word_1_114' title='bbox 899 1937 931 1997; x_wconf 90' lang='lat' dir='ltr'>in</span> <span class='ocrx_word' id='word_1_115' title='bbox 944 1936 962 2016; x_wconf 84' lang='lat'><strong>§</strong></span> <span class='ocrx_word' id='word_1_116' title='bbox 975 1942 1014 2014; x_wconf 75' lang='lat'>2,</span> 
     </span>
     <span class='ocr_line' id='line_1_18' title="bbox 39 2019 1016 2106; baseline 0.004 -22"><span class='ocrx_word' id='word_1_117' title='bbox 39 2023 77 2084; x_wconf 87' lang='lat' dir='ltr'>de</span> <span class='ocrx_word' id='word_1_118' title='bbox 91 2019 194 2082; x_wconf 73' lang='lat' dir='ltr'>toan</span> <span class='ocrx_word' id='word_1_119' title='bbox 204 2019 389 2082; x_wconf 76' lang='lat' dir='ltr'>tmitariali</span> <span class='ocrx_word' id='word_1_120' title='bbox 401 2019 564 2098; x_wconf 74' lang='lat' dir='ltr'>ordinario,</span> <span class='ocrx_word' id='word_1_121' title='bbox 584 2020 695 2082; x_wconf 90' lang='lat' dir='ltr'>debent</span> <span class='ocrx_word' id='word_1_122' title='bbox 708 2021 844 2103; x_wconf 82' lang='lat' dir='ltr'>delegato</span> <span class='ocrx_word' id='word_1_123' title='bbox 862 2024 1016 2106; x_wconf 88' lang='lat' dir='ltr'>applicari.</span> 
     </span>
    </p>

    <p class='ocr_par' dir='ltr' id='par_1_7' title="bbox 37 2109 1018 2910">
     <span class='ocr_line' id='line_1_19' title="bbox 84 2109 1016 2192; baseline 0.003 -19"><span class='ocrx_word' id='word_1_124' title='bbox 84 2111 257 2173; x_wconf 73' lang='lat' dir='ltr'>seeo-11.</span> <span class='ocrx_word' id='word_1_125' title='bbox 278 2111 320 2175; x_wconf 86' lang='lat' dir='ltr'>Ut</span> <span class='ocrx_word' id='word_1_126' title='bbox 333 2109 516 2191; x_wconf 79' lang='lat' dir='ltr'>intelligatur</span> <span class='ocrx_word' id='word_1_127' title='bbox 530 2111 734 2192; x_wconf 84' lang='lat' dir='ltr'>competentia</span> <span class='ocrx_word' id='word_1_128' title='bbox 750 2110 782 2172; x_wconf 93' lang='lat' dir='ltr'>in</span> <span class='ocrx_word' id='word_1_129' title='bbox 792 2129 864 2174; x_wconf 83' lang='lat' dir='ltr'>casu</span> <span class='ocrx_word' id='word_1_130' title='bbox 877 2111 1016 2191; x_wconf 87' lang='lat' dir='ltr'>jurisdic-</span> 
     </span>
     <span class='ocr_line' id='line_1_20' title="bbox 38 2199 1016 2284; baseline 0.002 -20"><span class='ocrx_word' id='word_1_131' title='bbox 38 2200 136 2264; x_wconf 81' lang='lat' dir='ltr'>tionis</span> <span class='ocrx_word' id='word_1_132' title='bbox 150 2218 204 2283; x_wconf 86' lang='lat' dir='ltr'>per</span> <span class='ocrx_word' id='word_1_133' title='bbox 213 2203 451 2282; x_wconf 77' lang='lat' dir='ltr'>paoropcttoaem</span> <span class='ocrx_word' id='word_1_134' title='bbox 464 2199 639 2282; x_wconf 82' lang='lat' dir='ltr'>acquisitae,</span> <span class='ocrx_word' id='word_1_135' title='bbox 656 2199 743 2282; x_wconf 87' lang='lat' dir='ltr'>plura</span> <span class='ocrx_word' id='word_1_136' title='bbox 757 2200 856 2284; x_wconf 88' lang='lat' dir='ltr'>quoad</span> <span class='ocrx_word' id='word_1_137' title='bbox 875 2219 1016 2284; x_wconf 78' lang='lat' dir='ltr'>proroge-</span> 
     </span>
     <span class='ocr_line' id='line_1_21' title="bbox 37 2287 1017 2372; baseline 0.002 -18"><span class='ocrx_word' id='word_1_138' title='bbox 37 2292 163 2354; x_wconf 88' lang='lat' dir='ltr'>tionem</span> <span class='ocrx_word' id='word_1_139' title='bbox 184 2295 255 2353; x_wconf 86' lang='lat' dir='ltr'>sunt</span> <span class='ocrx_word' id='word_1_140' title='bbox 276 2288 498 2352; x_wconf 85' lang='lat' dir='ltr'>examinanda:</span> <span class='ocrx_word' id='word_1_141' title='bbox 521 2293 553 2351; x_wconf 84' lang='lat' dir='ltr'>l⁰</span> <span class='ocrx_word' id='word_1_142' title='bbox 567 2287 643 2362; x_wconf 87' lang='lat' dir='ltr'>Quid</span> <span class='ocrx_word' id='word_1_143' title='bbox 662 2289 699 2352; x_wconf 92' lang='lat' dir='ltr'>sit</span> <span class='ocrx_word' id='word_1_144' title='bbox 713 2291 1017 2372; x_wconf 78' lang='lat' dir='ltr'>prorogatiot-Per</span> 
     </span>
     <span class='ocr_line' id='line_1_22' title="bbox 38 2377 1016 2466; baseline -0.001 -22"><span class='ocrx_word' id='word_1_145' title='bbox 38 2399 112 2444; x_wconf 84' lang='lat' dir='ltr'>eam</span> <span class='ocrx_word' id='word_1_146' title='bbox 132 2377 333 2460; x_wconf 79' lang='lat' dir='ltr'>intelligitur:</span> <span class='ocrx_word' id='word_1_147' title='bbox 353 2378 500 2440; x_wconf 81' lang='lat' dir='ltr'>Eatensr&#39;o</span> <span class='ocrx_word' id='word_1_148' title='bbox 511 2377 734 2460; x_wconf 82' lang='lat' dir='ltr'>jurisdictionis</span> <span class='ocrx_word' id='word_1_149' title='bbox 748 2379 863 2461; x_wconf 82' lang='lat' dir='ltr'>judicie</span> <span class='ocrx_word' id='word_1_150' title='bbox 884 2380 1016 2466; x_wconf 82' lang='lat' dir='ltr'>alioquin</span> 
     </span>
     <span class='ocr_line' id='line_1_23' title="bbox 39 2465 1016 2552; baseline 0.001 -21"><span class='ocrx_word' id='word_1_151' title='bbox 39 2469 267 2552; x_wconf 73' lang='lat' dir='ltr'>tmompaemn</span> <span class='ocrx_word' id='word_1_152' title='bbox 280 2465 340 2550; x_wconf 83' lang='lat' dir='ltr'>ipsi</span> <span class='ocrx_word' id='word_1_153' title='bbox 347 2467 429 2548; x_wconf 76' lang='lat' dir='ltr'>facto</span> <span class='ocrx_word' id='word_1_154' title='bbox 439 2489 495 2551; x_wconf 83' lang='lat' dir='ltr'>pec</span> <span class='ocrx_word' id='word_1_155' title='bbox 511 2487 673 2531; x_wconf 74' lang='lat' dir='ltr'>caucasum</span> <span class='ocrx_word' id='word_1_156' title='bbox 682 2469 819 2552; x_wconf 84' lang='lat' dir='ltr'>partium</span> <span class='ocrx_word' id='word_1_157' title='bbox 831 2516 839 2546; x_wconf 94' lang='lat'>,</span> <span class='ocrx_word' id='word_1_158' title='bbox 853 2471 953 2552; x_wconf 73' lang='lat' dir='ltr'>sponte</span> <span class='ocrx_word' id='word_1_159' title='bbox 973 2473 1016 2533; x_wconf 87' lang='lat' dir='ltr'>ei-</span> 
     </span>
     <span class='ocr_line' id='line_1_24' title="bbox 38 2557 1017 2640; baseline -0.003 -17"><span class='ocrx_word' id='word_1_160' title='bbox 38 2560 107 2623; x_wconf 84' lang='lat' dir='ltr'>dem</span> <span class='ocrx_word' id='word_1_161' title='bbox 120 2579 152 2623; x_wconf 80' lang='lat' dir='ltr'>se</span> <span class='ocrx_word' id='word_1_162' title='bbox 165 2557 385 2640; x_wconf 82' lang='lat' dir='ltr'>subjicientium</span> <span class='ocrx_word' id='word_1_163' title='bbox 395 2577 406 2620; x_wconf 91' lang='lat'>.·</span> <span class='ocrx_word' id='word_1_164' title='bbox 416 2563 534 2622; x_wconf 89' lang='lat' dir='ltr'>certum</span> <span class='ocrx_word' id='word_1_165' title='bbox 544 2564 589 2622; x_wconf 88' lang='lat' dir='ltr'>est</span> <span class='ocrx_word' id='word_1_166' title='bbox 601 2559 685 2621; x_wconf 86' lang='lat' dir='ltr'>enim</span> <span class='ocrx_word' id='word_1_167' title='bbox 695 2560 763 2638; x_wconf 86' lang='lat' dir='ltr'>jure</span> <span class='ocrx_word' id='word_1_168' title='bbox 785 2576 912 2622; x_wconf 90' lang='lat' dir='ltr'>romano</span> <span class='ocrx_word' id='word_1_169' title='bbox 926 2560 1017 2640; x_wconf 87' lang='lat' dir='ltr'>parti·</span> 
     </span>
     <span class='ocr_line' id='line_1_25' title="bbox 40 2646 1018 2726; baseline 0.001 -15"><span class='ocrx_word' id='word_1_170' title='bbox 40 2651 101 2714; x_wconf 76' lang='lat' dir='ltr'>ltus</span> <span class='ocrx_word' id='word_1_171' title='bbox 115 2647 257 2722; x_wconf 86' lang='lat' dir='ltr'>concedi,</span> <span class='ocrx_word' id='word_1_172' title='bbox 267 2647 369 2710; x_wconf 88' lang='lat' dir='ltr'>multis</span> <span class='ocrx_word' id='word_1_173' title='bbox 381 2647 413 2710; x_wconf 93' lang='lat' dir='ltr'>in</span> <span class='ocrx_word' id='word_1_174' title='bbox 423 2647 553 2723; x_wconf 81' lang='lat' dir='ltr'>casibus,</span> <span class='ocrx_word' id='word_1_175' title='bbox 564 2646 735 2711; x_wconf 78' lang='lat' dir='ltr'>facultatem</span> <span class='ocrx_word' id='word_1_176' title='bbox 743 2646 873 2710; x_wconf 90' lang='lat' dir='ltr'>adeundi</span> <span class='ocrx_word' id='word_1_177' title='bbox 884 2647 1018 2726; x_wconf 74' lang='lat' dir='ltr'>iudicem</span> 
     </span>
     <span class='ocr_line' id='line_1_26' title="bbox 40 2735 1017 2820; baseline -0.001 -18"><span class='ocrx_word' id='word_1_178' title='bbox 40 2759 106 2803; x_wconf 90' lang='lat' dir='ltr'>non</span> <span class='ocrx_word' id='word_1_179' title='bbox 120 2755 379 2820; x_wconf 86' lang='lat' dir='ltr'>suum,cumque</span> <span class='ocrx_word' id='word_1_180' title='bbox 401 2743 622 2820; x_wconf 89' lang='lat' dir='ltr'>competentem</span> <span class='ocrx_word' id='word_1_181' title='bbox 641 2735 807 2800; x_wconf 85' lang='lat' dir='ltr'>efficiendi:</span> <span class='ocrx_word' id='word_1_182' title='bbox 824 2743 854 2799; x_wconf 89' lang='lat' dir='ltr'>et</span> <span class='ocrx_word' id='word_1_183' title='bbox 874 2735 938 2801; x_wconf 84' lang='lat' dir='ltr'>haec</span> <span class='ocrx_word' id='word_1_184' title='bbox 956 2738 1017 2802; x_wconf 92' lang='lat' dir='ltr'>dis-</span> 
     </span>
     <span class='ocr_line' id='line_1_27' title="bbox 39 2825 876 2910; baseline -0.001 -19"><span class='ocrx_word' id='word_1_185' title='bbox 39 2829 157 2910; x_wconf 87' lang='lat' dir='ltr'>positio</span> <span class='ocrx_word' id='word_1_186' title='bbox 173 2829 207 2890; x_wconf 88' lang='lat' dir='ltr'>in</span> <span class='ocrx_word' id='word_1_187' title='bbox 221 2827 359 2910; x_wconf 87' lang='lat' dir='ltr'>pluribus</span> <span class='ocrx_word' id='word_1_188' title='bbox 370 2827 489 2890; x_wconf 87' lang='lat' dir='ltr'>casibus</span> <span class='ocrx_word' id='word_1_189' title='bbox 502 2826 540 2888; x_wconf 87' lang='lat' dir='ltr'>ab</span> <span class='ocrx_word' id='word_1_190' title='bbox 553 2827 687 2890; x_wconf 80' lang='lat' dir='ltr'>Ecclesia</span> <span class='ocrx_word' id='word_1_191' title='bbox 701 2825 876 2890; x_wconf 86' lang='lat' dir='ltr'>admittitur.</span> 
     </span>
    </p>

    <p class='ocr_par' dir='ltr' id='par_1_8' title="bbox 41 2915 1018 3358">
     <span class='ocr_line' id='line_1_28' title="bbox 82 2915 1014 3001; baseline 0 -19"><span class='ocrx_word' id='word_1_192' title='bbox 82 2922 181 2982; x_wconf 74' lang='lat'><strong>5661.</strong></span> <span class='ocrx_word' id='word_1_193' title='bbox 204 2920 338 2991; x_wconf 85' lang='lat' dir='ltr'>Quatuor</span> <span class='ocrx_word' id='word_1_194' title='bbox 351 2916 542 3000; x_wconf 87' lang='lat' dir='ltr'>potissimum</span> <span class='ocrx_word' id='word_1_195' title='bbox 562 2915 659 2978; x_wconf 91' lang='lat' dir='ltr'>modis</span> <span class='ocrx_word' id='word_1_196' title='bbox 674 2915 738 2980; x_wconf 84' lang='lat' dir='ltr'>fieri</span> <span class='ocrx_word' id='word_1_197' title='bbox 760 2923 856 2998; x_wconf 88' lang='lat' dir='ltr'>potest</span> <span class='ocrx_word' id='word_1_198' title='bbox 873 2937 1014 3001; x_wconf 83' lang='lat' dir='ltr'>proroga·</span> 
     </span>
     <span class='ocr_line' id='line_1_29' title="bbox 41 3004 1018 3088; baseline 0.002 -18"><span class='ocrx_word' id='word_1_199' title='bbox 41 3011 97 3087; x_wconf 90' lang='lat' dir='ltr'>tio,</span> <span class='ocrx_word' id='word_1_200' title='bbox 113 3007 255 3072; x_wconf 83' lang='lat' dir='ltr'>uidelicet</span> <span class='ocrx_word' id='word_1_201' title='bbox 267 3006 306 3069; x_wconf 93' lang='lat' dir='ltr'>de</span> <span class='ocrx_word' id='word_1_202' title='bbox 319 3007 380 3070; x_wconf 82' lang='lat' dir='ltr'>unt</span> <span class='ocrx_word' id='word_1_203' title='bbox 389 3004 428 3068; x_wconf 90' lang='lat' dir='ltr'>ad</span> <span class='ocrx_word' id='word_1_204' title='bbox 441 3005 530 3068; x_wconf 89' lang='lat' dir='ltr'>aliam</span> <span class='ocrx_word' id='word_1_205' title='bbox 544 3023 725 3088; x_wconf 89' lang='lat' dir='ltr'>personam,</span> <span class='ocrx_word' id='word_1_206' title='bbox 739 3004 777 3068; x_wconf 91' lang='lat' dir='ltr'>de</span> <span class='ocrx_word' id='word_1_207' title='bbox 787 3025 819 3068; x_wconf 85' lang='lat' dir='ltr'>re</span> <span class='ocrx_word' id='word_1_208' title='bbox 833 3005 870 3068; x_wconf 88' lang='lat' dir='ltr'>ad</span> <span class='ocrx_word' id='word_1_209' title='bbox 885 3025 965 3087; x_wconf 87' lang='lat' dir='ltr'>rem,</span> <span class='ocrx_word' id='word_1_210' title='bbox 979 3009 1018 3072; x_wconf 91' lang='lat' dir='ltr'>de</span> 
     </span>
     <span class='ocr_line' id='line_1_30' title="bbox 43 3094 1018 3182; baseline 0.001 -23"><span class='ocrx_word' id='word_1_211' title='bbox 43 3105 187 3182; x_wconf 80' lang='lat' dir='ltr'>tompore</span> <span class='ocrx_word' id='word_1_212' title='bbox 201 3097 241 3160; x_wconf 89' lang='lat' dir='ltr'>ad</span> <span class='ocrx_word' id='word_1_213' title='bbox 262 3101 401 3178; x_wconf 88' lang='lat' dir='ltr'>tempus,</span> <span class='ocrx_word' id='word_1_214' title='bbox 415 3094 454 3159; x_wconf 90' lang='lat' dir='ltr'>de</span> <span class='ocrx_word' id='word_1_215' title='bbox 473 3095 539 3160; x_wconf 87' lang='lat' dir='ltr'>loco</span> <span class='ocrx_word' id='word_1_216' title='bbox 553 3096 591 3158; x_wconf 87' lang='lat' dir='ltr'>ad</span> <span class='ocrx_word' id='word_1_217' title='bbox 610 3096 709 3159; x_wconf 89' lang='lat' dir='ltr'>locum</span> <span class='ocrx_word' id='word_1_218' title='bbox 728 3114 736 3157; x_wconf 75' lang='grc' dir='ltr'><strong>ε</strong></span> <span class='ocrx_word' id='word_1_219' title='bbox 757 3113 863 3160; x_wconf 91' lang='lat' dir='ltr'>eorum</span> <span class='ocrx_word' id='word_1_220' title='bbox 880 3097 1018 3160; x_wconf 87' lang='lat' dir='ltr'>omnium</span> 
     </span>
     <span class='ocr_line' id='line_1_31' title="bbox 43 3183 1018 3271; baseline -0.001 -23"><span class='ocrx_word' id='word_1_221' title='bbox 43 3188 191 3271; x_wconf 81' lang='lat' dir='ltr'>exempla</span> <span class='ocrx_word' id='word_1_222' title='bbox 211 3184 280 3250; x_wconf 81' lang='lat' dir='ltr'>uide</span> <span class='ocrx_word' id='word_1_223' title='bbox 301 3183 382 3268; x_wconf 91' lang='lat' dir='ltr'>apud</span> <span class='ocrx_word' id='word_1_224' title='bbox 404 3184 543 3268; x_wconf 79' lang='lat' dir='ltr'>Pirrhing</span> <span class='ocrx_word' id='word_1_225' title='bbox 561 3188 579 3250; x_wconf 82' lang='lat' dir='ltr'>a</span> <span class='ocrx_word' id='word_1_226' title='bbox 600 3188 637 3248; x_wconf 90' lang='lat' dir='ltr'>D.</span> <span class='ocrx_word' id='word_1_227' title='bbox 664 3185 759 3249; x_wconf 83' lang='lat' dir='ltr'>Bouix</span> <span class='ocrx_word' id='word_1_228' title='bbox 779 3185 902 3248; x_wconf 89' lang='lat' dir='ltr'>citatum</span> <span class='ocrx_word' id='word_1_229' title='bbox 920 3184 1018 3268; x_wconf 78' lang='lat' dir='ltr'>(ibid,</span> 
     </span>
     <span class='ocr_line' id='line_1_32' title="bbox 44 3279 266 3358; baseline -0.009 -18"><span class='ocrx_word' id='word_1_230' title='bbox 44 3296 74 3357; x_wconf 88' lang='lat' dir='ltr'>p.</span> <span class='ocrx_word' id='word_1_231' title='bbox 89 3281 167 3354; x_wconf 68' lang='lat'>249,</span> <span class='ocrx_word' id='word_1_232' title='bbox 182 3279 266 3358; x_wconf 80' lang='lat' dir='ltr'>etc).</span> 
     </span>
    </p>

    <p class='ocr_par' dir='ltr' id='par_1_9' title="bbox 44 3364 1023 3722">
     <span class='ocr_line' id='line_1_33' title="bbox 84 3364 1019 3448; baseline -0.001 -20"><span class='ocrx_word' id='word_1_233' title='bbox 84 3371 182 3431; x_wconf 70' lang='lat'><strong>5662.</strong></span> <span class='ocrx_word' id='word_1_234' title='bbox 204 3370 292 3430; x_wconf 71' lang='lat'>-20</span> <span class='ocrx_word' id='word_1_235' title='bbox 304 3365 409 3430; x_wconf 86' lang='lat' dir='ltr'>Plures</span> <span class='ocrx_word' id='word_1_236' title='bbox 429 3365 621 3448; x_wconf 86' lang='lat' dir='ltr'>requiruntur</span> <span class='ocrx_word' id='word_1_237' title='bbox 649 3364 837 3429; x_wconf 89' lang='lat' dir='ltr'>conditiones</span> <span class='ocrx_word' id='word_1_238' title='bbox 859 3369 893 3428; x_wconf 90' lang='lat' dir='ltr'>ut</span> <span class='ocrx_word' id='word_1_239' title='bbox 915 3381 1019 3446; x_wconf 89' lang='lat' dir='ltr'>proro-</span> 
     </span>
     <span class='ocr_line' id='line_1_34' title="bbox 44 3455 1021 3538; baseline 0 -20"><span class='ocrx_word' id='word_1_240' title='bbox 44 3457 129 3537; x_wconf 75' lang='lat' dir='ltr'>gatio</span> <span class='ocrx_word' id='word_1_241' title='bbox 148 3457 268 3520; x_wconf 80' lang='lat' dir='ltr'>voleat:</span> <span class='ocrx_word' id='word_1_242' title='bbox 288 3456 452 3538; x_wconf 89' lang='lat' dir='ltr'>requiritur</span> <span class='ocrx_word' id='word_1_243' title='bbox 464 3455 570 3518; x_wconf 91' lang='lat' dir='ltr'>enim:</span> <span class='ocrx_word' id='word_1_244' title='bbox 596 3459 627 3518; x_wconf 76' lang='lat'>1⁰</span> <span class='ocrx_word' id='word_1_245' title='bbox 647 3461 681 3518; x_wconf 95' lang='lat' dir='ltr'>ut</span> <span class='ocrx_word' id='word_1_246' title='bbox 701 3456 726 3518; x_wconf 91' lang='lat' dir='ltr'>is</span> <span class='ocrx_word' id='word_1_247' title='bbox 744 3456 793 3518; x_wconf 90' lang='lat' dir='ltr'>cui</span> <span class='ocrx_word' id='word_1_248' title='bbox 816 3455 967 3536; x_wconf 85' lang='lat' dir='ltr'>litigantes</span> <span class='ocrx_word' id='word_1_249' title='bbox 988 3473 1021 3518; x_wconf 88' lang='lat' dir='ltr'>sa</span> 
     </span>
     <span class='ocr_line' id='line_1_35' title="bbox 45 3543 1021 3630; baseline 0.001 -24"><span class='ocrx_word' id='word_1_250' title='bbox 45 3547 219 3628; x_wconf 85' lang='lat' dir='ltr'>subjiciunt</span> <span class='ocrx_word' id='word_1_251' title='bbox 255 3545 388 3630; x_wconf 84' lang='lat' dir='ltr'>aliquam</span> <span class='ocrx_word' id='word_1_252' title='bbox 414 3543 522 3608; x_wconf 87' lang='lat' dir='ltr'>habeat</span> <span class='ocrx_word' id='word_1_253' title='bbox 545 3543 818 3624; x_wconf 86' lang='lat' dir='ltr'>jurisdictionem:</span> <span class='ocrx_word' id='word_1_254' title='bbox 851 3546 1021 3625; x_wconf 81' lang='lat' dir='ltr'>prorogatio</span> 
     </span>
     <span class='ocr_line' id='line_1_36' title="bbox 46 3633 1023 3722; baseline -0.004 -26"><span class='ocrx_word' id='word_1_255' title='bbox 46 3639 133 3699; x_wconf 85' lang='lat' dir='ltr'>enim</span> <span class='ocrx_word' id='word_1_256' title='bbox 149 3638 294 3722; x_wconf 90' lang='lat' dir='ltr'>supponit</span> <span class='ocrx_word' id='word_1_257' title='bbox 307 3637 513 3700; x_wconf 87' lang='lat' dir='ltr'>auctoritatem</span> <span class='ocrx_word' id='word_1_258' title='bbox 522 3636 585 3714; x_wconf 82' lang='lat' dir='ltr'>jam</span> <span class='ocrx_word' id='word_1_259' title='bbox 601 3635 777 3696; x_wconf 81' lang='lat' dir='ltr'>existentem</span> <span class='ocrx_word' id='word_1_260' title='bbox 792 3652 801 3709; x_wconf 93' lang='lat'>;</span> <span class='ocrx_word' id='word_1_261' title='bbox 816 3637 848 3694; x_wconf 75' lang='lat'>2⁰</span> <span class='ocrx_word' id='word_1_262' title='bbox 866 3640 899 3694; x_wconf 90' lang='lat' dir='ltr'>ut</span> <span class='ocrx_word' id='word_1_263' title='bbox 916 3633 1023 3696; x_wconf 73' lang='lat' dir='ltr'>lrabeat</span> 
     </span>
    </p>
   </div>
   <div class='ocr_carea' id='block_1_6' title="bbox 0 0 1288 3988">
    <p class='ocr_par' dir='ltr' id='par_1_10' title="bbox 0 0 1288 3988">
     <span class='ocr_line' id='line_1_37' title="bbox 0 0 1288 3988; baseline 0 0"><span class='ocrx_word' id='word_1_264' title='bbox 0 0 1288 3988; x_wconf 95' lang='lat' dir='ltr'> </span> 
     </span>
    </p>
   </div>
  </div>
 </body>
</html>
