2452 3984
449 257 537 308 narra
555 257 688 308 suarius.
988 241 1045 306 aut

69 351 242 440 Dupliciter
254 372 328 436 ergo
339 355 461 439 paetum
475 353 540 418 lieri
551 359 650 436 potest
658 371 730 419 oum
742 353 882 420 damone
896 354 1047 438 :expressi

70 463 186 528 nempe
193 453 222 510 et
235 444 324 508 taciti
331 463 380 506 aaa
389 442 537 527 impliciti
543 461 556 506 .·
563 462 730 525 expressum
741 450 787 509 est
795 451 915 526 pactum
923 445 1046 526 quando

70 537 147 620 quis
155 553 209 618 per
222 552 255 598 se
267 534 314 598 uel
328 533 442 612 alium,
458 533 549 598 verbo
563 539 615 596 aut
628 534 760 615 scripto,
779 531 950 597 demonem
960 533 1045 597 inno·

1 659 2 662 ¹
67 632 132 691 cat.
153 625 287 690 Tacitum
300 629 346 687 est
362 623 434 686 aero
451 621 575 704 quando
594 623 663 704 quis
676 622 771 686 utitur
781 624 821 684 tis
834 623 1046 704 superstitiosis

1 719 2 722 ’
70 713 183 780 mediis
206 713 318 798 quibus
338 711 420 795 magi
433 717 570 784 utuntur,
591 711 689 776 sciens
702 711 740 774 iis
755 710 863 774 mediis
877 711 1045 776 naturalem

69 804 136 866 uim
166 820 229 870 nou
256 803 355 866 inesse
377 801 510 866 intentos
536 799 661 864 effeetus
683 798 883 882 producendi.
907 802 945 862 lit
965 800 1045 885 hoo,

69 893 191 957 etiamsi
210 895 391 975 protestetur
409 905 444 954 se
464 889 544 954 nolle
557 897 679 971 pactum
701 907 773 953 oum
793 888 1043 970 dombremiro,

71 983 149 1064 quia
160 982 254 1065 ipsius
263 987 346 1045 aetus
358 979 430 1046 buia
440 978 645 1062 protestationi
657 980 827 1043 contrarius
839 983 904 1053 est,
919 985 950 1040 et
963 978 1044 1044 illam

70 1072 197 1135 inanem
214 1069 322 1134 reddit.

113 1161 148 1223 Si
160 1167 261 1226 tamen
277 1159 429 1225 dubitaret
444 1159 565 1225 tanlirm
578 1177 618 1222 an
637 1156 739 1223 media
751 1155 894 1224 ellectum
918 1162 1043 1241 stupea·

70 1250 151 1316 dum
168 1249 340 1314 naturaliter
353 1249 483 1315 habeant
503 1252 548 1314 vel
566 1247 678 1314 diaboli
699 1266 777 1331 ope,
793 1267 856 1314 non
868 1255 1044 1315 censeretur

70 1340 153 1404 inire
165 1345 286 1421 paetum
301 1340 393 1403 etiam
406 1339 585 1422 implicitum
598 1355 672 1405 oum
685 1337 841 1418 daemone,
855 1339 881 1402 si
894 1339 945 1402 illa
958 1339 1044 1403 adhi-

70 1429 161 1493 beret
169 1427 345 1495 curiositatis
353 1429 401 1492 vel
414 1429 537 1494 alterius
550 1427 652 1494 motivi
661 1430 770 1508 rausa,
784 1427 877 1493 modd
888 1428 930 1492 ita
943 1427 1044 1510 dispo·

70 1519 151 1582 situs
162 1523 241 1583 esset
252 1524 287 1584 ut
304 1517 476 1583 nullatenus
488 1535 525 1583 ea
537 1515 709 1593 adhiberet,
725 1516 751 1579 si
768 1517 858 1582 eoiret
871 1517 1043 1583 damonem

70 1608 254 1672 intervenire
269 1607 456 1687 refortiari,
471 1607 553 1672 idem
565 1613 645 1672 esset
662 1605 826 1672 dicendum
839 1607 865 1670 si
880 1608 949 1690 quis
961 1607 1044 1672 adhi-

71 1698 160 1764 beret
169 1695 267 1762 media
281 1697 414 1780 magiae,
429 1698 549 1780 penitus
562 1696 705 1779 ignorans
718 1695 790 1760 talia
801 1713 879 1764 esse.

113 1788 203 1850 6243.
225 1787 375 1852 Caeterirm
389 1793 471 1870 patet
483 1785 693 1868 gravissimum
707 1802 772 1849 esse
792 1790 950 1868 peecatum
968 1807 1044 1871 pao·

72 1881 139 1940 tum
153 1893 329 1958 expressum
342 1894 414 1941 oum
434 1876 592 1941 daemone:
612 1873 695 1956 quod
717 1872 841 1954 quidem
859 1874 897 1937 ad
911 1877 1043 1958 speciem

72 1965 248 2028 idololatria
261 1966 406 2048 pertinet,
426 1965 499 2030 oium
516 1983 571 2046 per
583 1962 643 2026 tale
660 1967 783 2044 paetum
797 1980 852 2027 seu
864 1964 1043 2045 petitionem

71 2053 198 2136 quidam
209 2054 309 2118 oultus
333 2055 436 2120 latria
455 2052 588 2118 damoni
602 2049 789 2116 exhibeatur.
812 2053 879 2116 Imd
904 2071 960 2136 per
985 2054 1076 2118 hocf

72 2143 150 2206 fidas
172 2143 275 2226 negari
299 2149 418 2226 posset,
435 2144 461 2208 si
492 2159 602 2225 nempe
628 2139 801 2205 crederetur
822 2139 907 2207 hune
927 2142 1043 2209 cultum

72 2231 194 2296 diabolo
215 2232 332 2309 deberi,
354 2233 400 2297 vel
425 2232 580 2297 diabolum
598 2247 686 2314 posse
706 2247 742 2295 ea
764 2230 897 2314 legitime
912 2235 1041 2316 operari.

72 2321 150 2384 Vide
165 2321 361 2401 Delmatia,
374 2321 428 2385 lib.
443 2327 474 2400 t,
489 2341 520 2404 q,
536 2325 578 2401 t).

113 2413 205 2474 bill.
227 2412 325 2493 Magia
342 2429 411 2494 quae
433 2411 468 2473 fit
486 2415 678 2494 perpaulum
698 2408 879 2492 implicitum
896 2417 942 2474 ast
954 2413 1044 2476 etiam

72 2500 285 2583 gravissimum
304 2507 483 2584 peecatum:
506 2499 560 2564 sed
582 2499 757 2564 excusarit
779 2497 898 2562 mortali
921 2500 1044 2581 quidam

71 2596 215 2652 asserunt
227 2608 276 2674 ap.
292 2592 323 2652 S.
339 2591 462 2672 Liguor.
473 2589 537 2668 (lib.
549 2593 579 2668 3,
590 2591 626 2652 u⁰
638 2591 669 2668 t)
683 2607 690 2648 :
706 2585 877 2650 «Videlicet
888 2591 1043 2654 tunorium

70 2701 87 2741 r
112 2679 161 2742 vel
176 2678 333 2742 intercedit
345 2679 519 2762 simplicitas
526 2685 555 2743 et
567 2675 737 2760 ignorantia
747 2693 809 2738 non
821 2693 932 2757 orasse,
945 2697 1045 2762 neque

70 2791 87 2828 r
113 2768 249 2832 affectata
262 2769 343 2849 (lieet
350 2767 516 2851 culpabilis)
531 2787 540 2830 ε
554 2768 601 2832 vel
614 2765 690 2830 fides
703 2771 783 2830 certa
796 2784 859 2828 non
873 2765 1042 2851 adhibetur,

71 2879 87 2920 r
112 2857 168 2922 sed
181 2859 301 2922 tautbm
313 2858 404 2922 timor
416 2857 558 2941 quidam,
569 2862 622 2921 aut
636 2854 767 2938 suspicio
779 2855 949 2938 coneipitur
959 2877 1046 2924 even·

68 2969 87 3006 »
110 2945 162 3008 abs
173 2943 317 3010 futuri...
341 2941 379 3009 eb
402 2941 488 3028 qubd
508 2951 584 3010 tuno
605 2945 803 3030 surperstitio
820 2942 893 3010 verb
912 2962 977 3009 nnn
998 2943 1049 3019 sit,

71 3059 88 3093 a
110 3035 186 3098 cium
202 3035 337 3098 intentio
359 3036 479 3098 nonsit
502 3035 619 3098 talisi

110 3120 201 3186 6245.
223 3148 237 3181 a
254 3123 312 3198 Qui
324 3123 364 3188 de
378 3123 506 3188 fortuna
522 3122 735 3186 consulunt...
750 3123 776 3186 si
790 3124 844 3186 liat
855 3140 930 3186 aum
958 3121 1049 3182 firmi

71 3232 88 3269 a
115 3211 175 3276 lide
189 3212 240 3276 vel
256 3212 417 3290 seandalo,
446 3221 519 3292 eta,
544 3212 719 3276 mortaliter
732 3211 887 3296 (peceant)
904 3212 950 3273 :si
978 3207 1051 3269 verb

67 3321 84 3360 n
112 3301 404 3366 oausaouriositatis
414 3303 458 3366 vel
468 3301 644 3382 risus,ultit
654 3304 875 3374 communiter,
887 3296 1052 3361 venialiter

70 3414 87 3448 ι
112 3392 279 3454 lentium...
298 3415 312 3446 u
333 3391 544 3454 Busembaum
558 3391 624 3472 (ap.
639 3391 670 3453 S.
685 3391 766 3471 big„
779 3389 810 3450 ib
825 3393 858 3449 n⁰
871 3385 920 3462 to,
939 3384 1008 3466 10⁰1.

1 3501 2 3520 ¹
110 3479 200 3542 atto.
219 3479 338 3543 Praeria
350 3481 532 3562 protestatio
552 3489 663 3543 contra
675 3497 804 3542 omnem
818 3475 936 3539 diaboli
953 3475 1050 3538 inter·

1 3587 2 3610 ³
67 3565 1051 3652 ventumnonimpeditnecessaribhuneinterruolumsisoian·

68 3663 123 3722 ter
140 3657 353 3724 adhibeantur
376 3658 480 3724 media
498 3659 616 3739 quibus
635 3654 779 3721 diabolus
799 3655 1051 3722 suamactionem
