2548 3988
474 327 560 372 unm
580 327 713 376 scurrus.
807 321 808 325 ’
1016 316 1073 380 317

101 425 218 488 constit.
241 424 272 486 in
295 427 363 503 ou:
392 425 492 496 6061
515 423 553 488 (16
573 444 621 503 re,
645 427 744 508 inquit
761 429 792 490 S.
816 429 936 512 Liguor.
960 430 1026 512 (lib.
1043 437 1074 511 7,

101 537 117 576 r
142 514 183 576 n¹¹
200 518 235 576 15
248 516 351 594 6116),
364 515 396 576 S.
408 513 544 575 Pontifex
559 515 662 596 nequit
675 519 803 579 censure
817 518 918 598 ligari;
931 538 992 582 non
1004 521 1076 602 qui·

101 627 116 664 r
140 603 212 667 dem
226 603 264 665 ab
277 603 355 682 alio,
374 603 445 685 quia
467 604 659 684 Superiorem
679 623 741 668 non
753 605 861 683 habet3
878 625 977 690 neque
991 611 1008 670 1
1022 627 1073 686 se,

102 716 119 753 r
143 694 215 774 quia
228 711 290 755 non
304 699 423 755 tenetur
435 693 591 774 praeceptis
607 693 669 755 suis
692 694 719 756 vi
734 695 881 773 coactive,
899 695 952 759 sed
975 697 1074 764 sellim

101 805 117 842 6
141 781 293 844 directim.
310 782 422 864 Excipe
436 783 460 843 si
477 783 557 862 Papa
580 781 617 843 sit
632 782 809 863 baereticus,
825 785 895 866 quin
907 786 1074 852 Concilium
1175 835 1180 854 .

101 895 117 932 s
142 871 287 934 Genercle
304 877 377 932 tunc
395 875 494 952 potest
507 888 577 932 eum
591 889 699 952 cogere
713 891 768 954 per
783 891 942 952 censuras,
956 893 994 938 cx
1005 894 1071 958 cap.

101 984 117 1020 r
141 961 180 1023 Si
193 962 290 1042 Papa,
299 960 367 1022 dist.
381 965 432 1022 tt).
444 961 483 1020 Et
496 959 564 1022 ideo
573 979 630 1023 nec
640 961 780 1044 Episcopi
795 963 926 1044 ligantur
939 966 1074 1028 censuris

101 1073 117 1110 r
140 1050 180 1113 ab
197 1051 268 1133 ipsis
287 1051 471 1113 emunctis...
492 1068 499 1110 :
521 1051 546 1111 si
566 1051 637 1112 vero
657 1069 794 1116 censurae
807 1053 868 1114 sint
887 1054 904 1114 6
920 1052 1008 1132 jure,
1023 1072 1074 1117 eas

100 1162 117 1199 r
141 1157 198 1202 nec
219 1139 309 1201 eliam
332 1139 493 1201 incurrunt
511 1139 650 1221 Episcopi
667 1146 719 1202 aut
739 1139 948 1204 cardinales...
963 1140 1020 1203 nisi
1035 1141 1072 1204 de

4 1263 6 1268 .
100 1251 117 1288 »
140 1229 213 1310 ipsis
226 1247 365 1310 expressa
380 1227 495 1290 mentio
508 1227 577 1306 liat,
592 1247 630 1290 ex
644 1247 710 1311 cap.
728 1229 805 1306 Ouia
816 1230 1022 1312 periculosum,
1038 1230 1073 1294 de

100 1340 117 1378 u
138 1326 262 1380 sentent.
284 1337 438 1390 recomm,
455 1317 486 1380 iu
509 1321 551 1379 6⁰.
568 1319 632 1380 Hoc
649 1323 752 1382 tamen
771 1320 857 1381 aiunt
870 1317 1069 1382 Salmantic...

100 1431 116 1468 u
139 1407 285 1470 duntaxat
298 1407 422 1488 intelligi
436 1407 474 1470 de
485 1407 684 1489 suspensione
696 1414 725 1469 et
739 1407 896 1470 interdicto
909 1406 948 1471 de
961 1409 1071 1490 quibus

99 1519 116 1559 r
140 1492 176 1558 llt
188 1497 302 1560 mentio
314 1496 437 1559 indicto
450 1497 567 1578 capite,
582 1515 645 1558 non
659 1504 760 1559 autem
774 1497 812 1560 de
826 1497 1067 1562 excommunica⁴

100 1607 116 1646 r
139 1587 237 1664 tione,
250 1587 299 1649 cui
309 1585 467 1664 subjacent
479 1585 635 1668 Episcopi,
646 1587 762 1648 etiarnsi
773 1585 804 1648 in
816 1586 883 1669 lege
891 1586 929 1650 de
943 1588 979 1651 iis
989 1589 1070 1652 nulla

100 1697 116 1736 r
141 1676 254 1738 mentio
268 1673 331 1736 liat.
347 1697 361 1732 r

140 1768 230 1828 6385.
251 1785 267 1823 c
286 1765 384 1846 Reges
397 1770 500 1828 autem
519 1769 550 1825 ct
568 1763 709 1846 Reginae,
725 1765 863 1845 quemvis
880 1767 991 1830 subditi
1010 1768 1071 1830 sint
1146 1803 1151 1810 ·

100 1879 116 1917 u
139 1853 297 1936 Episcopis
312 1853 343 1915 in
357 1852 562 1936 spiritualibus
579 1851 648 1934 jure
661 1858 761 1914 buren
777 1870 855 1914 novo
869 1873 932 1917 non
945 1865 1070 1938 possunt

99 1969 115 2005 r
140 1943 225 2026 ligeri
240 1943 377 2006 censuris
395 1943 453 2004 nisi
471 1945 488 2004 c
503 1943 600 2023 Pepa;
616 1946 646 2003 et
663 1941 725 2004 hoc
741 1959 777 2003 ex
797 1942 973 2025 privilegio,
988 1945 1069 2026 quod

99 2057 115 2095 ,
140 2035 184 2097 eis
197 2032 401 2096 communiter
411 2031 451 2093 ab
465 2033 530 2093 ΑΑ.
544 2027 724 2105 attribuitur,
735 2028 883 2094 utdicunt
896 2032 1067 2098 Salmant...

100 2147 115 2184 a
139 2141 209 2186 cum
224 2123 256 2186 S.
270 2124 395 2198 Aulon,
408 2121 486 2199 Pal,
501 2125 559 2184 etc.
574 2141 591 2179 r

139 2215 229 2276 6386.
240 2214 315 2274 ltem
329 2210 495 2292 Episcopus
508 2227 651 2274 censuras
660 2207 737 2272 ferre
751 2209 857 2292 nequit
870 2209 902 2272 in
916 2211 1070 2294 religiosos

100 2309 273 2384 exemptos,
295 2305 329 2363 at
351 2307 422 2363 sunt
452 2299 673 2378 Mendicantes,
696 2298 837 2378 lesuitae,
860 2305 931 2380 etc,
952 2304 1068 2366 etiamsi

101 2391 243 2472 procedat
256 2397 401 2472 tanquam
420 2389 579 2471 Delegctus
598 2388 787 2470 Apostolicus
800 2390 842 2468 (S.
864 2391 999 2472 Liguor„
1015 2393 1066 2456 lib.

100 2485 130 2554 7,
147 2481 179 2542 n⁰
192 2483 264 2559 86);
281 2496 338 2541 nec
357 2479 448 2540 etiam
466 2483 563 2559 potest
582 2483 686 2540 contra
703 2476 825 2539 eosdem
851 2477 930 2540 terre
947 2488 1068 2542 senten-

98 2571 172 2632 tiam
194 2569 441 2642 declcratcrism,
464 2566 536 2648 quia
557 2566 595 2628 ad
614 2565 673 2628 boc
692 2565 855 2646 requiritur
878 2565 979 2630 citatio
1002 2571 1066 2633 rei:

98 2659 204 2742 excipe
214 2658 271 2721 nisi
283 2663 422 2738 ageretur
435 2654 473 2719 de
487 2658 614 2718 censurt
628 2654 755 2716 omnind
768 2655 900 2732 notorid,
915 2657 986 2738 quia
999 2659 1071 2722 cita·

97 2750 141 2812 tio
152 2754 226 2811 tunc
246 2765 308 2810 non
324 2752 369 2808 cst
382 2745 560 2808 neccssaria.
576 2742 651 2806 Vide
669 2743 812 2807 Stremler
831 2746 973 2808 citantem
986 2746 1067 2812 deci·

97 2839 215 2902 sionem
224 2837 256 2899 S.
269 2837 363 2916 cong.
373 2835 486 2898 Concil.
503 2833 572 2912 (Des
581 2833 682 2916 peines
696 2831 809 2912 eccles,
822 2854 853 2916 p.
869 2839 927 2898 205
942 2841 1065 2918 61866).

138 2929 229 2989 6387.
248 2924 331 2988 Licet
348 2923 531 3005 probabilius
544 2923 711 3005 Episcopus
725 2930 853 3005 nequeat
866 2924 943 2987 lene
957 2945 1066 2991 censu·

97 3033 166 3078 rem
188 3015 220 3076 in
241 3013 436 3097 peregrinam
458 3017 528 3074 ante
553 3012 769 3090 monitionem,
793 3012 822 3074 id
849 3019 950 3076 tamen
971 3023 1068 3096 potest

100 3108 259 3184 postquam
272 3103 451 3186 peregrinus
464 3101 624 3183 deliquerit
637 3101 668 3162 in
683 3101 749 3164 loco
767 3108 797 3164 et
816 3103 982 3184 Episcopus
995 3123 1067 3166 eum

99 3191 321 3253 citaveritllide
329 3191 408 3254 dicta
419 3209 510 3273 supra
520 3193 618 3270 (6696,
627 3193 727 3270 6697);
737 3191 768 3253 S.
776 3191 840 3272 Lig.
854 3191 953 3270 (lib'l,
964 3195 1063 3272 n0l'l).

97 3277 213 3360 Excipe
223 3277 247 3340 si
261 3277 439 3364 delinquens
452 3286 530 3342 esset
542 3279 622 3341 illius
631 3279 768 3362 Episcopi
784 3281 944 3361 Superior,
955 3285 990 3343 ut
1002 3281 1066 3360 ejus

99 3367 352 3450 Archiepiscopus
371 3367 416 3431 vel
437 3367 626 3444 Patricrcha3
647 3387 752 3448 secus,
767 3367 793 3430 si
813 3367 980 3450 Episcopus
1004 3387 1066 3432 non

96 3465 178 3522 esset
190 3457 232 3520 illi
247 3457 473 3538 suffraganeus.
495 3458 566 3541 quia
583 3457 699 3520 ratione
719 3456 819 3518 delicti
833 3457 882 3518 ille
901 3456 1065 3541 Arcbiepis·

96 3565 193 3630 copus
207 3545 241 3609 m
253 3544 391 3629 Episcopi
407 3545 554 3610 subditus.
566 3548 609 3626 (S.
626 3546 760 3628 bignon,
773 3544 826 3607 lib.
841 3549 872 3623 7,
889 3557 923 3606 n·
935 3549 999 3625 76.)

139 3639 228 3701 6388.
234 3637 389 3703 —btUtsil
407 3655 530 3718 persona
552 3634 771 3710 determffinatc·
783 3633 836 3697 sed
854 3633 920 3698 haec
936 3635 1067 3701 conditio

97 3732 221 3790 nonest
234 3725 403 3792 neccssaria
423 3723 481 3788 niel
500 3723 601 3806 quood
621 3723 980 3788 excommunicationemr
996 3743 1067 3788 nam

919 3819 972 3892 ,..
