2462 3984
215 237 274 298 131
433 251 572 299 urrunsa
591 251 692 298 roaros
712 250 794 298 runis
814 249 962 299 ominium.

213 351 239 403 a'
254 350 437 410 contraeunt
448 345 542 429 recipi
553 366 614 410 non
625 347 746 424 debere,
757 347 827 410 cum
838 345 992 429 inquisitio
1003 343 1066 410 fieri
1077 347 1166 412 debat

213 457 227 492 a
252 435 443 502 solummodo
457 455 548 518 super
559 436 617 498 iitis
630 435 668 498 de
679 435 790 518 quibus
802 434 949 499 clamores
958 435 1050 518 aliqui
1062 457 1165 519 preces

213 545 228 577 r
252 531 396 588 serunt.»

253 635 374 698 Probari
389 637 479 699 etiam
493 643 590 718 potest
604 655 641 699 ex
654 655 721 719 cap.
739 635 778 700 Si
791 637 864 716 139,
878 637 922 698 tit.
937 639 966 714 1,
983 635 1036 699 lib.
1051 641 1082 716 5,
1092 637 1120 700 in
1131 641 1165 714 61,

214 723 278 785 ride
292 724 349 787 alia
364 726 445 807 apud
460 726 556 788 Bouix
570 725 641 804 (ta,
656 746 687 808 p.
704 729 755 803 ct,
768 731 849 800 eto).
874 728 916 788 lta
934 727 1103 789 communis
1116 730 1164 788 om.

213 815 371 876 sententia.
395 837 411 874 a
433 816 520 878 Ratio
539 819 595 892 est,
615 815 715 896 inquit
734 816 851 878 Lessius
873 815 931 895 (I)e
948 816 1022 878 lore
1043 824 1073 878 et
1090 817 1166 892 Just,

212 921 227 960 ι
253 901 304 964 fib.
321 907 351 980 9,
364 923 392 966 c.
403 907 454 982 99,
469 913 502 966 n·
514 906 594 980 199),
606 903 678 984 quia
689 903 798 985 judex,
810 901 933 985 quando
947 903 985 966 ad
996 905 1167 986 punitionem

212 1011 227 1049 a
252 992 417 1058 criminum
433 992 726 1075 procedit,debetex
737 993 861 1056 scicntia
874 992 1166 1076 pubttcaprocedeie:

214 1093 239 1137 a*
252 1081 377 1144 seientia
398 1091 498 1145 autern
519 1081 639 1162 publica
657 1089 702 1144 est
721 1099 791 1164 quae
810 1081 937 1144 habetur
950 1101 1004 1164 per
1020 1085 1168 1147 aceusmio·

213 1189 227 1226 a
253 1187 340 1246 nem,
354 1170 398 1231 rel
414 1170 634 1233 confessionem
649 1171 691 1232 rei
705 1170 738 1232 in
749 1169 875 1252 judicio,
889 1170 934 1233 vei
945 1189 999 1253 per
1013 1171 1167 1248 infamiam,

213 1279 228 1316 a
252 1266 304 1319 aut
318 1277 370 1340 per
380 1258 447 1321 facti
455 1259 636 1322 evidentiam
649 1260 681 1322 in
691 1266 854 1341 conspectu
863 1259 1009 1342 judiciset
1017 1263 1167 1325 aliorum...

213 1367 228 1404 n
252 1347 360 1409 Merito
382 1367 512 1431 quisque
534 1355 636 1431 posset
652 1349 738 1430 queri
759 1347 815 1410 sibi
837 1349 901 1411 fieri
924 1351 1083 1432 injuriam,
1106 1353 1128 1414 si
1144 1353 1168 1412 in

213 1457 228 1493 a
253 1434 343 1497 vitam
357 1435 423 1518 ejus
436 1437 647 1519 inquireretur,
662 1436 750 1518 cujus
764 1435 842 1498 fania
852 1437 985 1520 alioquin
1000 1440 1167 1522 estintegra:

212 1545 228 1582 a
254 1541 325 1586 nam
339 1543 393 1606 per
405 1525 495 1588 tatem
507 1526 731 1607 inquisitionem
743 1525 877 1588 redditur
890 1535 1084 1609 suspectus.»

254 1643 345 1703 5857.
369 1641 473 1713 Quoad
491 1647 592 1704 autern
615 1657 719 1704 casum
737 1660 798 1723 quo
814 1640 906 1723 judex
925 1643 1060 1726 procedit
1079 1646 1115 1708 ad
1133 1647 1168 1708 in·

214 1730 353 1791 stantiam
368 1731 587 1794 denuntiatoris
605 1730 643 1792 ad
657 1747 796 1812 poenam,
813 1732 916 1812 regula
937 1735 1168 1810 controvertitur;

214 1817 276 1878 imo
287 1820 488 1882 communiter
501 1819 634 1901 rejicitur
645 1821 669 1880 si
684 1818 876 1882 denuntiator
885 1821 922 1882 sit
936 1821 1091 1903 publicus,
1105 1844 1131 1886 r.
1145 1845 1169 1905 q.

214 1905 372 1969 Prornotor
386 1908 506 1985 tiscatis;
522 1909 626 1990 regula
641 1913 741 1969 tamen
757 1908 846 1992 etiarn
858 1929 913 1991 pro
925 1910 971 1972 his
983 1913 1103 1976 casibus
1116 1933 1170 1976 sus·

214 1998 300 2058 timeri
322 2001 430 2078 potest,
454 2005 484 2059 et
503 1998 645 2079 probatur
666 2015 702 2058 ex
723 1998 867 2060 Decretaii
889 1999 962 2062 Cam
977 2011 1110 2083 oporteat
1132 2007 1170 2075 m,

212 2084 255 2144 tit.
273 2087 370 2162 t,tib.
387 2087 549 2164 5Decret.,
564 2085 615 2148 ubi
626 2086 724 2166 agitur
739 2085 777 2148 de
791 2087 923 2168 quodam
934 2091 1083 2174 Episcopo
1098 2093 1171 2174 quii

213 2174 366 2236 nonnullis
380 2175 538 2236 Canonicis
552 2181 673 2256 propter
687 2192 758 2236 suos
768 2193 907 2240 excessus
921 2177 989 2240 Sedi
1005 2182 1172 2262 apostoticae

212 2259 407 2324 denuntiatus
420 2262 518 2324 fuerat
533 2281 540 2322 :
557 2262 647 2344 porro
660 2263 725 2344 ejus
744 2265 901 2328 occasione
915 2266 959 2330 sic
971 2269 1126 2332 Innocent.
1142 2270 1171 2329 111

212 2349 345 2431 loquitur
353 2349 506 2432 judicibus
518 2349 556 2412 ad
567 2349 645 2413 hanc
656 2369 779 2414 causam
794 2353 938 2436 delegatis
954 2373 962 2416 r
979 2358 1170 2422 «Discretioni

212 2459 227 2497 a
252 2447 356 2502 restrae
370 2438 549 2502 mandamus
562 2439 656 2522 quod,
668 2441 725 2501 nisi
736 2458 828 2522 super
839 2443 997 2524 praedictis,
1008 2447 1118 2527 somam
1132 2449 1170 2528 ip·

212 2550 229 2586 a
251 2527 312 2590 ar'os
325 2529 423 2592 tersum
444 2547 502 2590 erse
515 2528 674 2607 noveritis,
698 2545 750 2590 vos
765 2529 804 2590 ad
822 2531 1045 2614 inquisitionem
1061 2536 1169 2600 iliorum

211 2639 227 2678 a
252 2635 313 2680 non
326 2617 425 2680 subito
439 2617 617 2699 procedatis.
632 2637 649 2677 a

253 2738 366 2799 Revera
380 2739 537 2798 Innocent.
550 2738 590 2798 111
606 2737 684 2818 (cap.
702 2736 836 2814 Qualiter
844 2747 874 2802 et
886 2741 999 2822 quoodo
1009 2749 1067 2823 91,
1082 2745 1123 2808 tit.
1138 2749 1166 2820 t,

211 2825 263 2888 fib.
279 2830 297 2888 5
317 2827 448 2905 Decret.)
470 2825 542 2887 dicit
558 2844 565 2885 :
585 2826 699 2888 «Siout
711 2831 934 2891 accusationem
949 2832 1079 2914 legitima
1091 2833 1166 2897 debet

212 2939 227 2975 a
253 2915 422 2998 praeoedere
437 2914 606 2996 inscriptio,
627 2915 670 2977 sio
690 2921 719 2978 et
733 2916 991 2983 denuntiationem
1009 2922 1166 2986 charitativa

211 3029 226 3066 a
250 3003 387 3082 monitio,
398 3002 661 3084 etinquisitionem
671 3003 971 3071 clamosainsinuatio
981 3013 1163 3090 praevenirer

211 3096 270 3158 Sed
284 3101 316 3158 ut
329 3112 367 3156 ex
380 3093 515 3174 ipsismet
527 3091 625 3154 verbis
639 3098 736 3173 patet,
751 3093 940 3159 denuntiatio
953 3098 991 3161 de
1009 3105 1070 3181 qua
1082 3100 1165 3181 toqui·

212 3192 259 3249 tur
272 3181 408 3246 Pontifex
422 3187 467 3244 est
479 3179 659 3261 evangelica.
676 3181 751 3244 liiud
760 3183 852 3245 etiarn
865 3191 980 3248 coristat
993 3205 1029 3250 ex
1039 3207 1104 3272 cap.
1118 3189 1166 3250 Sa-

211 3291 263 3354 por
278 3272 325 3334 tis
346 3275 385 3335 to
407 3268 543 3349 ejusdem
561 3268 658 3346 tituli,
682 3269 734 3332 ubi
758 3269 839 3334 idem
865 3274 999 3338 Pontifex
1021 3279 1085 3339 ait:
1101 3273 1166 3337 aid

212 3383 227 3418 a
250 3361 472 3441 correptionem
491 3363 535 3419 cst
554 3356 741 3422 denuntiatio
754 3359 931 3423 facienda»
960 3365 1036 3428 Vide
1058 3369 1167 3446 insuper

176 3465 259 3531 ¹„ap
278 3451 373 3510 Bouix
388 3445 568 3530 (deludio,
582 3451 657 3508 torn.
673 3451 704 3525 9,
720 3467 750 3529 p.
767 3453 867 3530 13-19)
881 3461 1058 3533 argumenta
1071 3455 1168 3539 quibus

20 3532 162 3584 uss
211 3543 348 3598 constare
361 3535 476 3598 videtur
489 3534 570 3616 qudd
585 3541 721 3617 tempore
734 3539 902 3602 Innocentii
915 3543 972 3620 111,
988 3543 1080 3622 judex
1094 3561 1167 3625 rapu·

214 3623 500 3704 tabaturprocedere
512 3641 566 3703 per
576 3623 653 3684 riam
664 3623 866 3694 inquisitionis
876 3629 991 3692 etiamsi
1007 3634 1168 3715 procederet
