2526 3988
447 267 531 312 urum
553 267 685 314 annuus.
1020 247 1058 308 td

83 363 174 428 ratde
187 363 339 428 connexis
352 369 382 426 et
397 363 572 426 necessarus
585 382 683 426 causae
697 363 840 446 delegate
856 385 864 425 ι
885 382 994 446 «quie,
1012 363 1053 428 in·

82 475 96 512 s
118 454 182 536 quit
203 452 374 516 Alexander
396 455 432 514 Ill
452 453 494 531 (in
513 471 581 534 cap.
605 451 753 515 Proetereo
774 457 805 530 5,
829 453 873 515 tit.
897 458 936 517 29
960 453 1010 516 lib.
1035 458 1050 516 l

83 566 96 602 o
119 541 275 620 liceret),
291 560 328 606 ex
343 560 380 604 eo
390 540 473 623 qudd
487 559 577 606 causa
591 541 645 604 sibi
665 541 870 605 committatur
883 561 973 624 super
991 561 1053 606 om·

82 653 97 692 r
120 631 210 694 nibus
222 649 292 712 uum
306 630 344 692 ad
358 649 480 694 eausam
494 630 590 712 ipsam
605 636 739 714 spectare
753 637 934 708 noscuntur,
950 631 1047 713 plena

82 743 98 782 ι
121 720 197 782 rium
212 720 322 801 recipit
335 726 522 802 potestatem.
538 740 554 779 n
572 719 622 782 Sic
640 726 737 802 potest
759 727 858 802 partes
874 721 1052 802 compellere

82 809 120 874 nd
140 807 382 890 comparendum
400 816 430 871 et
442 815 638 872 contumaees
660 809 758 890 poenis
781 826 919 870 coercere
938 810 1052 872 etiamsi

83 897 186 979 litterae
205 897 234 959 id
259 915 322 960 non
343 899 521 980 exprimant.
535 897 573 944 -'
588 901 650 960 Neo
666 898 758 960 etiarn
778 897 856 959 ultra
879 897 1053 960 mandatum

82 986 218 1070 procedit
230 985 387 1067 delegatus
404 987 429 1048 si
448 993 547 1068 partes
567 987 742 1048 renuntient
760 985 851 1048 lavari
866 1004 919 1067 por
932 987 1054 1069 resorip

81 1087 146 1139 tum
160 1076 234 1158 ipsis
247 1093 411 1138 concesso:
427 1096 454 1138 v.
470 1095 499 1158 g.
517 1077 540 1138 si
556 1076 733 1157 rescriptum
749 1074 921 1156 praescribat
934 1093 1054 1138 oausam

82 1165 207 1246 judicari
223 1164 254 1226 in
269 1164 370 1245 aliquo
385 1165 449 1227 loco
464 1171 494 1228 et
511 1171 609 1247 partes
622 1167 809 1228 consentiant
823 1172 856 1228 ut
869 1165 901 1226 iu
915 1165 973 1227 alio
987 1185 1054 1248 per-

84 1261 236 1316 tractetur.
255 1254 315 1314 rIn
326 1253 408 1316 nullo
423 1271 561 1335 quoque,
575 1253 759 1317 aitlloniiao.
778 1257 840 1316 VIII
856 1255 934 1337 (cap.
952 1254 1055 1318 Statu-

83 1367 97 1400 s
123 1351 185 1403 tum
202 1347 252 1419 ll,
264 1342 308 1404 tit.
325 1345 355 1420 3,
367 1342 418 1404 lib.
437 1344 581 1405 lDecret.
592 1344 696 1421 incr),
707 1361 832 1408 casuum
843 1344 1055 1426 praedictorum

84 1453 98 1490 o
118 1431 212 1511 judex
237 1436 320 1493 extra
338 1431 486 1493 civitatem
507 1449 561 1494 seu
582 1431 757 1508 dioecesim,
785 1433 816 1495 in
835 1433 945 1514 quibus
964 1434 1056 1516 depu-

84 1542 99 1579 υ
123 1527 202 1582 tatus
225 1519 333 1596 luerit,
353 1519 424 1582 citet
440 1527 556 1602 parteS,
578 1538 634 1583 nec
654 1519 691 1582 de
714 1524 804 1584 must
822 1522 878 1583 sibi
896 1525 1055 1585 commissit

84 1631 99 1668 n
124 1615 308 1691 cognoscat,
332 1608 388 1670 nisi
411 1609 452 1670 ud
475 1609 509 1670 td
528 1629 679 1690 expressus
703 1611 853 1672 occesserit
880 1611 1056 1675 eorumdem

85 1719 100 1757 o
124 1715 276 1762 assensus.
292 1718 308 1756 o
335 1697 411 1760 Vide
429 1697 488 1760 alia
501 1697 581 1778 apud
596 1698 708 1771 Boutx,
725 1699 768 1761 lie
787 1699 913 1761 Iudiciis
927 1701 1011 1780 (tom.
1026 1707 1055 1780 t,

125 1879 216 1939 5582.
232 1875 354 1949 Quaerit.
376 1879 408 1940 9·
425 1877 589 1957 Quousque
601 1893 633 1938 se
647 1877 787 1938 extendat
806 1885 935 1959 potestas
949 1881 1057 1962 iudicis

88 1965 237 2046 delegati?

130 2055 216 2136 ltesp.
233 2055 366 2136 Delegati
378 2053 487 2135 judicis
498 2059 628 2135 potestas
640 2052 846 2116 dimcntienda
859 2064 951 2122 estex
966 2067 1060 2139 potes·

89 2149 148 2206 tate
160 2143 328 2226 delegantis
342 2151 418 2206 etex
432 2143 530 2204 verbis
544 2141 676 2204 mandati
691 2143 841 2220 concessi,
858 2145 898 2208 ita
911 2155 944 2210 ut
960 2165 1060 2211 neces

88 2232 168 2294 sarid
182 2241 341 2296 censeatur
354 2232 465 2295 hebere
475 2248 544 2294 eam
552 2236 729 2312 potestatem
738 2232 803 2295 sine
814 2237 874 2316 qut
888 2237 1059 2302 mandatnm

87 2322 144 2384 sibi
157 2322 400 2401 jurisdictionem
413 2320 521 2402 exequi
537 2338 598 2382 non
611 2321 881 2387 valeret-Ilnde:

128 2417 160 2475 l⁰
177 2412 278 2474 Potest
296 2411 387 2473 citare
399 2419 498 2492 partes
512 2415 545 2472 ut
563 2417 770 2490 compareant,
786 2419 816 2474 et
833 2413 871 2475 ad
886 2433 1062 2496 comparen-

88 2501 164 2564 dum
178 2499 285 2563 mediis
300 2499 477 2581 opportunis
494 2497 685 2579 compellere.
705 2501 748 2560 Ita
765 2518 830 2581 cap.
852 2501 896 2564 De
911 2503 1013 2566 Cauris
1029 2509 1059 2581 l,

89 2591 135 2652 tit.
152 2595 205 2666 29,
221 2588 272 2650 lib.
291 2593 304 2652 l
322 2591 456 2665 Decret3
473 2593 501 2648 et
515 2605 581 2669 cap.
598 2587 652 2648 Ec
665 2585 788 2664 litteris,
804 2587 921 2652 ididem.

124 2683 224 2744 5553.
241 2713 280 2726 -
294 2683 325 2740 2⁰
350 2679 492 2740 Coeroere
511 2681 627 2759 potest,
645 2675 735 2738 etlam
755 2695 817 2738 non
841 2677 989 2759 litigantes
1010 2682 1061 2763 qui

92 2769 190 2853 ipsius
200 2766 440 2849 jurisdictionem
454 2772 484 2828 et
497 2782 670 2847 processum
685 2782 782 2828 cause
796 2766 905 2832 vellent
918 2769 1063 2854 impedite

91 2865 145 2922 eut
168 2855 317 2920 malitiose
336 2854 487 2918 retardare
503 2873 511 2915 :
527 2872 593 2935 cap.
620 2853 694 2930 Quia
708 2857 862 2938 quaesitum
886 2861 919 2936 l,
941 2860 985 2922 tit.
1012 2865 1061 2938 2¹³,

89 2949 147 3014 tin.
173 2951 187 3009 l
211 2947 328 3009 Decret.
347 2964 354 3006 :
376 2943 458 3026 quod
480 2943 570 3006 etiem
594 2943 718 3025 intelligi
745 2943 834 3012 debet
857 2945 1064 3031 deEpIscopIs

90 3037 147 3120 qui
162 3035 336 3117 delegatum
350 3034 439 3115 Papae
452 3032 484 3094 in
499 3031 640 3094 exercitio
653 3051 716 3096 suat
733 3033 949 3112 jurisdictIonIs
969 3039 1064 3118 impe-

93 3127 208 3190 dirent.
226 3126 297 3206 Cep.
313 3123 392 3186 Sone
406 3126 458 3194 ll,
474 3123 520 3185 rit.
535 3125 584 3193 29,
596 3121 645 3184 lib.
665 3127 680 3184 t
698 3125 834 3201 Decret.;
849 3125 951 3188 mitius
963 3134 1064 3188 tamen

96 3233 189 3297 agere
202 3212 347 3278 deberent
360 3213 392 3274 in
406 3229 458 3274 eos
471 3217 593 3294 propter
606 3210 781 3294 dignitatem
800 3213 881 3276 anisi
895 3212 969 3276 forte
982 3214 1067 3277 aliter

96 3329 112 3365 a
139 3305 204 3368 lieri
219 3302 347 3368 suaserit
360 3301 452 3364 nimia
466 3300 662 3364 contumacia
680 3303 853 3382 protervitas
866 3321 919 3364 seu
933 3303 1031 3384 culpa.
1047 3327 1062 3363 u

97 3396 173 3478 Cap.
205 3393 280 3470 Ouio
300 3389 478 3472 Pontificcle
499 3394 534 3458 2,
552 3387 587 3451 de
604 3393 674 3470 offic.
699 3398 728 3452 et
747 3397 852 3472 potest.
866 3390 979 3472 judicis
995 3391 1068 3457 dde-

117 3489 182 3560 oti‚
197 3483 229 3544 in
242 3483 285 3544 θ’.

97 3504 117 3568 ⁹
142 3575 235 3636 5585.
250 3601 290 3616 -—
303 3572 337 3632 3ο
358 3569 487 3634 «Potest
503 3569 594 3646 iudex
611 3565 783 3647 delegatus,
803 3565 829 3627 si
848 3567 876 3628 ei
897 3583 966 3648 pers
982 3571 1069 3632 citata

101 3679 118 3724 s
144 3657 266 3740 arpina
281 3649 497 3736 iurisdictionis
515 3651 663 3717 detectum
676 3688 685 3726 ,
699 3661 881 3730 manauere
898 3649 1071 3798 supplentur
