2462 3984
369 279 455 324 arnna
476 279 608 325 ranrros.
912 261 964 324 lll

27 397 56 442 os
77 381 92 443 l
118 381 319 445 testificatione
339 381 488 444 removeri
514 381 647 461 debent,
670 382 724 447 sed
743 387 872 467 uterquc
890 382 971 466 justd

29 473 98 546 puelia
110 478 152 532 est
164 471 346 552 plectendus.

57 559 82 619 Si
94 561 208 621 econtra
220 559 373 642 excipiens
386 576 449 622 non
463 559 588 641 probet,
602 579 658 642 per
670 559 832 642 specialem
850 565 969 623 senlen-

27 657 84 707 uam
96 647 199 710 absolvi
212 647 303 712 debet
316 648 340 711 is
356 648 405 710 oui
419 647 563 712 delictum
583 649 737 732 objectum
751 647 864 726 iuerat,
879 648 921 710 ila
940 653 973 710 ut

26 732 54 794 le
66 753 96 795 eo
108 737 124 796 ι
137 735 256 798 nemine
275 736 406 818 amplilrs
428 737 563 800 accusari
579 736 683 820 possit.
705 739 773 802 Non
792 742 895 800 tamen
916 755 973 818 pn-

26 821 133 886 niendus
145 831 187 887 est
196 825 349 907 excipiens
361 825 567 904 criminaliter,
579 825 631 908 qui
646 825 762 888 crimen
771 823 899 906 probare
911 841 974 886 non

26 912 112 989 potuit.
126 915 167 976 lta
180 915 239 976 Lex
251 913 293 976 Si
304 911 486 978 adulterium
500 905 553 989 38,
569 915 602 980 u.
615 913 649 977 de
662 911 773 990 adult,
789 913 820 974 in
840 911 907 975 loro
920 931 974 974 ec·

26 997 164 1064 clesiaslico
173 1001 304 1066 admissa
313 1004 350 1066 ed
360 1001 443 1086 quod
449 1011 594 1086 parcatur
602 1009 735 1067 remoto
745 1001 975 1086 qraiproooaotua

26 1095 67 1148 ast.
80 1088 147 1154 llidc
161 1091 256 1156 Bouix
271 1091 339 1172 lib„
353 1111 385 1175 p.
401 1093 481 1176 lla).

566 207 681 233 ..s-m·

453 1274 473 1358 §
491 1275 542 1339 111.

123 1404 234 1474 llum
243 1407 422 1490 procedendi
433 1407 529 1490 quoad
536 1406 845 1492 quast-ecupriorem.

59 1584 134 1645 5875.
155 1586 327 1649 Delinealur
339 1586 377 1648 ab
391 1586 566 1648 Innocentio
585 1587 624 1648 lll
638 1588 715 1668 (cap.
736 1589 788 1658 lli,
806 1587 851 1648 til.
869 1588 905 1660 l,
920 1583 973 1646 lib.

29 1669 152 1736 illecret.
155 1675 164 1752 )
177 1673 222 1738 his
239 1675 364 1737 serbis:
384 1675 489 1736 acum
503 1675 666 1755 opponitur
684 1681 718 1736 ul
735 1675 804 1755 quis
817 1676 835 1736 ι
857 1691 976 1754 promo-

31 1757 126 1822 llione
141 1763 227 1826 oflicii
242 1763 290 1826 vel
307 1761 445 1830 beneficii
465 1761 659 1839 excludatur,
681 1763 706 1825 si
726 1769 796 1826 ante
813 1761 975 1825 conflrma-

33 1843 156 1910 itionem
183 1852 346 1936 objicitur,
371 1869 433 1912 non
458 1852 574 1931 cogitur
602 1851 764 1932 quisquam
791 1849 974 1923 inscribere,

33 1949 44 1984 a
62 1949 119 2010 quia
128 1957 238 2003 crimen
250 1941 311 2002 hoc
320 1939 411 2001 modo
422 1939 579 2021 probatum
594 1937 717 2020 impedit
725 1937 975 2020 promovendum

33 2023 107 2082 istd
125 2045 177 2091 non
197 2028 334 2106 deiicit'
326 2045 387 2104 pam
409 2034 594 2106 promotum.
620 2029 691 2088 Post
713 2025 977 2088 confirmationem

33 2129 45 2162 ι
65 2113 121 2171 reri
123 2108 974 2191 ,clamscilroelordinendusaliquisluerilautetiamcon·

32 2213 43 2246 ι
61 2201 200 2265 serrandus
216 2202 405 2286 (quinetiam
422 2203 461 2264 ab
472 2199 638 2263 obtinendo
652 2198 807 2280 repellital
819 2197 917 2280 dejicit
934 2200 975 2266 ab

30 2283 183 2370 ³,ablenlo)
198 2293 237 2354 ad
250 2289 523 2354 extraordinariam
537 2307 677 2370 posnam,
700 2289 870 2354 secundum
892 2290 972 2354 arbi·

31 2389 42 2426 ι
59 2375 132 2438 lnum
148 2378 261 2459 judicis
277 2379 410 2456 discreti,
425 2381 499 2442 cilra
520 2377 696 2442 vinculum'
688 2377 912 2459 inscriptionis,
925 2389 973 2444 est

32 2477 41 2513 ι
58 2464 189 2544 excipiens
200 2427 428 2549 astringendu’s,
443 2487 468 2530 sa
459 2467 641 2530 'deiecerit
634 2485 665 2530 ιιι
682 2466 853 2544 probando.
876 2489 891 2528 a

419 2626 500 2691 ΛΒΤ.
521 2623 557 2690 V.

67 2772 96 2820 nr
113 2774 215 2824 onoma
235 2775 390 2824 sunrauoo
410 2776 441 2824 ru
460 2775 573 2823 roorcro
593 2773 746 2822 ceruinam
766 2774 938 2830 orornanro.

67 2923 140 2986 5876.
160 2928 193 2988 ln
214 2933 276 2988 tres
293 2923 495 3006 paragraphos
507 2931 687 3006 praesentem
700 2926 857 3002 materiam
875 2929 981 3009 partic

38 3017 98 3094 pur.
120 3014 150 3074 ln
174 3019 205 3076 l·
215 3052 224 3091 ‚
249 3011 386 3075 ordinem
411 3011 591 3075 servandum
617 3029 804 3093 exponemus
817 2997 856 3076 ab
879 3016 981 3079 incho

39 3079 115 3160 'allone
136 3119 232 3164 causae
256 3119 354 3181 usque
378 3099 417 3162 ad
436 3105 632 3163 contestatam
652 3101 736 3163 litem
757 3101 922 3180 exclusive3
947 3105 980 3166 in

70 3183 364 3252 loonlesraaioneliais
378 3206 474 3269 usque
488 3187 525 3250 ad
539 3189 717 3251 sententiam
731 3188 980 3268 definitivam31n

71 3271 102 3332 ab
112 3274 166 3338 illa
170 3279 316 3340 sententia
325 3276 467 3358 usquead
480 3276 574 3338 finem
588 3277 657 3339 litis.

69 3357 118 3421 lai
138 3363 174 3427 de
195 3366 258 3428 solo
277 3363 392 3446 judicio
413 3363 562 3427 criminali
581 3373 686 3447 agatur
708 3365 739 3426 in
758 3363 817 3426 hoo
836 3362 978 3445 articulo,

72 3463 147 3512 amen
167 3453 306 3535 quaedam
328 3453 438 3535 passim
465 3453 684 3534 subjungemus
703 3449 822 3530 iudiciis
844 3450 980 3518 civilibus

96 3535 173 3617 iulia,
192 3561 231 3605 ne
243 3559 387 3624 cogamur
405 3552 509 3624 postea
527 3541 633 3605 eadem
655 3545 807 3624 repetere,
821 3543 850 3600 et
863 3537 901 3600 ad
915 3557 979 3606 ma·

67 3637 117 3686 lero
127 3627 285 3694 claritatem
298 3629 532 3708 producendam.
