<?xml version="1.0" encoding="UTF-8"?>
<!DOCTYPE html PUBLIC "-//W3C//DTD XHTML 1.0 Transitional//EN"
    "http://www.w3.org/TR/xhtml1/DTD/xhtml1-transitional.dtd">
<html xmlns="http://www.w3.org/1999/xhtml" xml:lang="en" lang="en">
 <head>
  <title>
</title>
<meta http-equiv="Content-Type" content="text/html;charset=utf-8" />
  <meta name='ocr-system' content='tesseract 3.04.00' />
  <meta name='ocr-capabilities' content='ocr_page ocr_carea ocr_par ocr_line ocrx_word'/>
</head>
<body>
  <div class='ocr_page' id='page_1' title='image "./manualetotiusju02craigoog/manualetotiusju02craigoog_0301.png"; bbox 0 0 2548 3988; ppageno 0'>
   <div class='ocr_carea' id='block_1_1' title="bbox 185 257 927 336">
    <p class='ocr_par' dir='ltr' id='par_1_1' title="bbox 185 257 927 336">
     <span class='ocr_line' id='line_1_1' title="bbox 185 257 927 336; baseline -0.011 -16"><span class='ocrx_word' id='word_1_1' title='bbox 185 257 243 321; x_wconf 76' lang='lat'>292</span> <span class='ocrx_word' id='word_1_2' title='bbox 403 269 540 317; x_wconf 80' lang='lat' dir='ltr'>annuam</span> <span class='ocrx_word' id='word_1_3' title='bbox 559 267 659 316; x_wconf 82' lang='lat' dir='ltr'>narras</span> <span class='ocrx_word' id='word_1_4' title='bbox 678 265 760 313; x_wconf 84' lang='lat' dir='ltr'>rums</span> <span class='ocrx_word' id='word_1_5' title='bbox 779 265 927 336; x_wconf 82' lang='lat' dir='ltr'>clnonrcr.</span> 
     </span>
    </p>
   </div>
   <div class='ocr_carea' id='block_1_2' title="bbox 180 363 1267 446">
    <p class='ocr_par' dir='ltr' id='par_1_2' title="bbox 180 363 1267 446">
     <span class='ocr_line' id='line_1_2' title="bbox 180 363 1267 446; baseline -0.007 -10"><span class='ocrx_word' id='word_1_6' title='bbox 180 373 241 436; x_wconf 84' lang='lat' dir='ltr'>tiva</span> <span class='ocrx_word' id='word_1_7' title='bbox 263 371 425 446; x_wconf 77' lang='lat' dir='ltr'><strong>duntaxat,</strong></span> <span class='ocrx_word' id='word_1_8' title='bbox 445 373 475 429; x_wconf 89' lang='lat' dir='ltr'>et</span> <span class='ocrx_word' id='word_1_9' title='bbox 492 372 566 428; x_wconf 90' lang='lat' dir='ltr'>tunc</span> <span class='ocrx_word' id='word_1_10' title='bbox 579 365 603 427; x_wconf 92' lang='lat' dir='ltr'>si</span> <span class='ocrx_word' id='word_1_11' title='bbox 622 363 844 445; x_wconf 86' lang='lat' dir='ltr'>ignorantiasit</span> <span class='ocrx_word' id='word_1_12' title='bbox 862 363 1061 446; x_wconf 88' lang='lat' dir='ltr'>invincibilis,</span> <span class='ocrx_word' id='word_1_13' title='bbox 1079 367 1150 432; x_wconf 91' lang='lat' dir='ltr'>cbm</span> <span class='ocrx_word' id='word_1_14' title='bbox 1266 399 1267 408; x_wconf 25' lang='grc' dir='ltr'><strong>κ</strong></span> 
     </span>
    </p>
   </div>
   <div class='ocr_carea' id='block_1_3' title="bbox 182 453 1152 634">
    <p class='ocr_par' dir='ltr' id='par_1_3' title="bbox 182 453 1152 634">
     <span class='ocr_line' id='line_1_3' title="bbox 182 453 1151 535; baseline -0.004 -11"><span class='ocrx_word' id='word_1_15' title='bbox 182 467 397 525; x_wconf 81' lang='lat' dir='ltr'>excusatione</span> <span class='ocrx_word' id='word_1_16' title='bbox 418 456 544 520; x_wconf 91' lang='lat' dir='ltr'>omnino</span> <span class='ocrx_word' id='word_1_17' title='bbox 566 455 584 516; x_wconf 82' lang='lat' dir='ltr'>a</span> <span class='ocrx_word' id='word_1_18' title='bbox 604 461 745 535; x_wconf 89' lang='lat' dir='ltr'>peccato,</span> <span class='ocrx_word' id='word_1_19' title='bbox 763 455 906 517; x_wconf 81' lang='lat' dir='ltr'>excusare</span> <span class='ocrx_word' id='word_1_20' title='bbox 923 453 1013 517; x_wconf 91' lang='lat' dir='ltr'>etiam</span> <span class='ocrx_word' id='word_1_21' title='bbox 1033 455 1151 520; x_wconf 77' lang='lat' dir='ltr'>debota</span> 
     </span>
     <span class='ocr_line' id='line_1_4' title="bbox 183 541 1152 634; baseline -0.002 -21"><span class='ocrx_word' id='word_1_22' title='bbox 183 553 294 634; x_wconf 83' lang='lat' dir='ltr'>poenb:</span> <span class='ocrx_word' id='word_1_23' title='bbox 310 549 334 612; x_wconf 90' lang='lat' dir='ltr'>si</span> <span class='ocrx_word' id='word_1_24' title='bbox 358 549 428 612; x_wconf 84' lang='lat' dir='ltr'>verb</span> <span class='ocrx_word' id='word_1_25' title='bbox 451 546 488 608; x_wconf 89' lang='lat' dir='ltr'>sit</span> <span class='ocrx_word' id='word_1_26' title='bbox 508 544 627 608; x_wconf 88' lang='lat' dir='ltr'>tanlbm</span> <span class='ocrx_word' id='word_1_27' title='bbox 648 541 816 622; x_wconf 78' lang='lat' dir='ltr'>vincibilis,</span> <span class='ocrx_word' id='word_1_28' title='bbox 831 561 889 607; x_wconf 83' lang='lat' dir='ltr'>nec</span> <span class='ocrx_word' id='word_1_29' title='bbox 907 545 1082 627; x_wconf 77' lang='lat' dir='ltr'>apeccato,</span> <span class='ocrx_word' id='word_1_30' title='bbox 1096 565 1152 612; x_wconf 83' lang='lat' dir='ltr'>nac</span> 
     </span>
    </p>
   </div>
   <div class='ocr_carea' id='block_1_4' title="bbox 50 639 1269 808">
    <p class='ocr_par' dir='ltr' id='par_1_4' title="bbox 50 639 1269 808">
     <span class='ocr_line' id='line_1_5' title="bbox 50 639 590 720; baseline -0.015 -17"><span class='ocrx_word' id='word_1_31' title='bbox 50 643 55 654; x_wconf 85' lang='grc'><em>“</em></span> <span class='ocrx_word' id='word_1_32' title='bbox 183 639 309 720; x_wconf 83' lang='lat' dir='ltr'>proinde</span> <span class='ocrx_word' id='word_1_33' title='bbox 322 641 340 701; x_wconf 81' lang='lat' dir='ltr'>b</span> <span class='ocrx_word' id='word_1_34' title='bbox 354 639 590 720; x_wconf 78' lang='lat' dir='ltr'>poentexcusat.</span> 
     </span>
     <span class='ocr_line' id='line_1_6' title="bbox 224 721 1269 808; baseline -0.007 -17"><span class='ocrx_word' id='word_1_35' title='bbox 224 729 256 791; x_wconf 88' lang='lat' dir='ltr'>Si</span> <span class='ocrx_word' id='word_1_36' title='bbox 281 729 330 790; x_wconf 83' lang='lat' dir='ltr'>lex</span> <span class='ocrx_word' id='word_1_37' title='bbox 351 727 487 808; x_wconf 80' lang='lat' dir='ltr'>ignorata</span> <span class='ocrx_word' id='word_1_38' title='bbox 506 724 545 787; x_wconf 92' lang='lat' dir='ltr'>sit</span> <span class='ocrx_word' id='word_1_39' title='bbox 566 740 628 786; x_wconf 92' lang='lat' dir='ltr'>non</span> <span class='ocrx_word' id='word_1_40' title='bbox 651 721 750 786; x_wconf 87' lang='lat' dir='ltr'>sollrm</span> <span class='ocrx_word' id='word_1_41' title='bbox 764 722 889 804; x_wconf 90' lang='lat' dir='ltr'>positiva</span> <span class='ocrx_word' id='word_1_42' title='bbox 905 722 958 786; x_wconf 88' lang='lat' dir='ltr'>sed</span> <span class='ocrx_word' id='word_1_43' title='bbox 978 725 1067 787; x_wconf 89' lang='lat' dir='ltr'>eliam</span> <span class='ocrx_word' id='word_1_44' title='bbox 1079 725 1154 805; x_wconf 84' lang='lat' dir='ltr'>juris</span> <span class='ocrx_word' id='word_1_45' title='bbox 1268 775 1269 784; x_wconf 73' lang='grc'>,</span> 
     </span>
    </p>
   </div>
   <div class='ocr_carea' id='block_1_5' title="bbox 115 811 1159 1706">
    <p class='ocr_par' dir='ltr' id='par_1_5' title="bbox 115 811 1159 1706">
     <span class='ocr_line' id='line_1_7' title="bbox 186 811 1155 897; baseline -0.002 -17"><span class='ocrx_word' id='word_1_46' title='bbox 186 817 340 896; x_wconf 90' lang='lat' dir='ltr'>naturalis,</span> <span class='ocrx_word' id='word_1_47' title='bbox 354 833 394 879; x_wconf 93' lang='lat' dir='ltr'>an</span> <span class='ocrx_word' id='word_1_48' title='bbox 408 812 575 897; x_wconf 74' lang='lat' dir='ltr'><strong>ignorantia</strong></span> <span class='ocrx_word' id='word_1_49' title='bbox 589 811 681 876; x_wconf 86' lang='lat' dir='ltr'>solius</span> <span class='ocrx_word' id='word_1_50' title='bbox 692 812 769 891; x_wconf 86' lang='lat' dir='ltr'>juris</span> <span class='ocrx_word' id='word_1_51' title='bbox 782 811 898 894; x_wconf 85' lang='lat' dir='ltr'>positivi</span> <span class='ocrx_word' id='word_1_52' title='bbox 916 820 1037 876; x_wconf 83' lang='lat' dir='ltr'>excuset</span> <span class='ocrx_word' id='word_1_53' title='bbox 1050 817 1155 878; x_wconf 77' lang='lat' dir='ltr'>tuncd</span> 
     </span>
     <span class='ocr_line' id='line_1_8' title="bbox 184 899 1155 991; baseline -0.003 -21"><span class='ocrx_word' id='word_1_54' title='bbox 184 911 273 991; x_wconf 76' lang='lat' dir='ltr'>prena</span> <span class='ocrx_word' id='word_1_55' title='bbox 296 924 359 970; x_wconf 92' lang='lat' dir='ltr'>non</span> <span class='ocrx_word' id='word_1_56' title='bbox 381 904 507 968; x_wconf 90' lang='lat' dir='ltr'>omnino</span> <span class='ocrx_word' id='word_1_57' title='bbox 525 902 645 983; x_wconf 87' lang='lat' dir='ltr'>liquet:</span> <span class='ocrx_word' id='word_1_58' title='bbox 675 907 766 982; x_wconf 90' lang='lat' dir='ltr'>negat</span> <span class='ocrx_word' id='word_1_59' title='bbox 786 899 910 983; x_wconf 89' lang='lat' dir='ltr'>quidem</span> <span class='ocrx_word' id='word_1_60' title='bbox 931 903 1074 966; x_wconf 89' lang='lat' dir='ltr'>Stremler</span> <span class='ocrx_word' id='word_1_61' title='bbox 1088 905 1155 981; x_wconf 83' lang='lat' dir='ltr'>(Des</span> 
     </span>
     <span class='ocr_line' id='line_1_9' title="bbox 184 989 1156 1079; baseline -0.002 -21"><span class='ocrx_word' id='word_1_62' title='bbox 184 997 281 1079; x_wconf 78' lang='lat' dir='ltr'>patoes</span> <span class='ocrx_word' id='word_1_63' title='bbox 298 995 395 1058; x_wconf 82' lang='lat' dir='ltr'>eccle&#39;a.</span> <span class='ocrx_word' id='word_1_64' title='bbox 408 1041 417 1074; x_wconf 94' lang='lat'>,</span> <span class='ocrx_word' id='word_1_65' title='bbox 430 1012 462 1076; x_wconf 91' lang='lat' dir='ltr'>p.</span> <span class='ocrx_word' id='word_1_66' title='bbox 478 992 528 1071; x_wconf 86' lang='lat'>30)</span> <span class='ocrx_word' id='word_1_67' title='bbox 542 991 715 1055; x_wconf 87' lang='lat' dir='ltr'>Suarezium</span> <span class='ocrx_word' id='word_1_68' title='bbox 736 990 853 1067; x_wconf 89' lang='lat' dir='ltr'>citans;</span> <span class='ocrx_word' id='word_1_69' title='bbox 867 989 920 1054; x_wconf 88' lang='lat' dir='ltr'>sed</span> <span class='ocrx_word' id='word_1_70' title='bbox 940 993 1065 1075; x_wconf 74' lang='lat' dir='ltr'>quaetio</span> <span class='ocrx_word' id='word_1_71' title='bbox 1084 992 1156 1056; x_wconf 88' lang='lat' dir='ltr'>dici·</span> 
     </span>
     <span class='ocr_line' id='line_1_10' title="bbox 186 1080 1156 1162; baseline -0.001 -15"><span class='ocrx_word' id='word_1_72' title='bbox 186 1093 236 1150; x_wconf 88' lang='lat' dir='ltr'>tur</span> <span class='ocrx_word' id='word_1_73' title='bbox 254 1090 445 1149; x_wconf 85' lang='lat' dir='ltr'>controversa</span> <span class='ocrx_word' id='word_1_74' title='bbox 458 1085 477 1146; x_wconf 80' lang='lat' dir='ltr'>b</span> <span class='ocrx_word' id='word_1_75' title='bbox 491 1083 522 1145; x_wconf 87' lang='lat' dir='ltr'>S.</span> <span class='ocrx_word' id='word_1_76' title='bbox 542 1081 663 1161; x_wconf 85' lang='lat' dir='ltr'>Lignor.</span> <span class='ocrx_word' id='word_1_77' title='bbox 687 1080 740 1162; x_wconf 89' lang='lat' dir='ltr'>qui</span> <span class='ocrx_word' id='word_1_78' title='bbox 759 1080 938 1142; x_wconf 88' lang='lat' dir='ltr'>sententiam</span> <span class='ocrx_word' id='word_1_79' title='bbox 958 1081 1156 1146; x_wconf 86' lang='lat' dir='ltr'>affirmantem</span> 
     </span>
     <span class='ocr_line' id='line_1_11' title="bbox 187 1170 1157 1257; baseline 0 -21"><span class='ocrx_word' id='word_1_80' title='bbox 187 1173 419 1257; x_wconf 79' lang='lat' dir='ltr'>probabiliorem</span> <span class='ocrx_word' id='word_1_81' title='bbox 439 1176 559 1253; x_wconf 90' lang='lat' dir='ltr'>reputat</span> <span class='ocrx_word' id='word_1_82' title='bbox 578 1170 641 1247; x_wconf 88' lang='lat' dir='ltr'>(lib.</span> <span class='ocrx_word' id='word_1_83' title='bbox 657 1173 693 1248; x_wconf 84' lang='lat'>6,</span> <span class='ocrx_word' id='word_1_84' title='bbox 711 1178 744 1230; x_wconf 91' lang='lat' dir='ltr'>n·</span> <span class='ocrx_word' id='word_1_85' title='bbox 759 1173 866 1248; x_wconf 64' lang='lat' dir='ltr'>loia),</span> <span class='ocrx_word' id='word_1_86' title='bbox 882 1171 965 1253; x_wconf 84' lang='lat' dir='ltr'>quia,</span> <span class='ocrx_word' id='word_1_87' title='bbox 980 1171 1057 1236; x_wconf 90' lang='lat' dir='ltr'>sicut</span> <span class='ocrx_word' id='word_1_88' title='bbox 1069 1173 1157 1255; x_wconf 89' lang='lat' dir='ltr'>igno-</span> 
     </span>
     <span class='ocr_line' id='line_1_12' title="bbox 188 1258 1157 1343; baseline 0.001 -19"><span class='ocrx_word' id='word_1_89' title='bbox 188 1264 284 1326; x_wconf 83' lang='lat' dir='ltr'>nantia</span> <span class='ocrx_word' id='word_1_90' title='bbox 311 1263 343 1324; x_wconf 92' lang='lat' dir='ltr'>in</span> <span class='ocrx_word' id='word_1_91' title='bbox 365 1279 438 1325; x_wconf 86' lang='lat' dir='ltr'>casu</span> <span class='ocrx_word' id='word_1_92' title='bbox 460 1260 616 1343; x_wconf 87' lang='lat' dir='ltr'>supposito</span> <span class='ocrx_word' id='word_1_93' title='bbox 637 1259 790 1322; x_wconf 79' lang='lat' dir='ltr'>excusata</span> <span class='ocrx_word' id='word_1_94' title='bbox 810 1258 970 1323; x_wconf 89' lang='lat' dir='ltr'>violatione</span> <span class='ocrx_word' id='word_1_95' title='bbox 989 1259 1063 1343; x_wconf 85' lang='lat' dir='ltr'>legis</span> <span class='ocrx_word' id='word_1_96' title='bbox 1076 1262 1157 1343; x_wconf 90' lang='lat' dir='ltr'>posi-</span> 
     </span>
     <span class='ocr_line' id='line_1_13' title="bbox 187 1347 1157 1432; baseline -0.003 -16"><span class='ocrx_word' id='word_1_97' title='bbox 187 1353 265 1430; x_wconf 81' lang='lat' dir='ltr'>lirae,</span> <span class='ocrx_word' id='word_1_98' title='bbox 281 1351 321 1414; x_wconf 91' lang='lat' dir='ltr'>ita</span> <span class='ocrx_word' id='word_1_99' title='bbox 333 1367 476 1414; x_wconf 84' lang='lat' dir='ltr'>excusare</span> <span class='ocrx_word' id='word_1_100' title='bbox 493 1348 583 1412; x_wconf 91' lang='lat' dir='ltr'>debet</span> <span class='ocrx_word' id='word_1_101' title='bbox 595 1349 613 1410; x_wconf 77' lang='lat' dir='ltr'>a</span> <span class='ocrx_word' id='word_1_102' title='bbox 623 1351 714 1432; x_wconf 80' lang='lat' dir='ltr'>poena</span> <span class='ocrx_word' id='word_1_103' title='bbox 729 1353 851 1428; x_wconf 88' lang='lat' dir='ltr'>propter</span> <span class='ocrx_word' id='word_1_104' title='bbox 868 1347 950 1410; x_wconf 89' lang='lat' dir='ltr'>illam</span> <span class='ocrx_word' id='word_1_105' title='bbox 964 1349 1157 1414; x_wconf 81' lang='lat' dir='ltr'>violationem</span> 
     </span>
     <span class='ocr_line' id='line_1_14' title="bbox 188 1434 1158 1521; baseline -0.004 -13"><span class='ocrx_word' id='word_1_106' title='bbox 188 1445 320 1508; x_wconf 65' lang='lat' dir='ltr'>intutas</span> <span class='ocrx_word' id='word_1_107' title='bbox 346 1441 411 1505; x_wconf 84' lang='lat' dir='ltr'>baec</span> <span class='ocrx_word' id='word_1_108' title='bbox 431 1447 533 1502; x_wconf 90' lang='lat' dir='ltr'>lamen</span> <span class='ocrx_word' id='word_1_109' title='bbox 551 1437 625 1501; x_wconf 89' lang='lat' dir='ltr'>ratio</span> <span class='ocrx_word' id='word_1_110' title='bbox 649 1454 711 1500; x_wconf 93' lang='lat' dir='ltr'>non</span> <span class='ocrx_word' id='word_1_111' title='bbox 733 1434 851 1500; x_wconf 88' lang='lat' dir='ltr'>uidetur</span> <span class='ocrx_word' id='word_1_112' title='bbox 870 1439 996 1519; x_wconf 90' lang='lat' dir='ltr'>probare</span> <span class='ocrx_word' id='word_1_113' title='bbox 1014 1457 1069 1521; x_wconf 93' lang='lat' dir='ltr'>pro</span> <span class='ocrx_word' id='word_1_114' title='bbox 1085 1457 1158 1504; x_wconf 87' lang='lat' dir='ltr'>casu</span> 
     </span>
     <span class='ocr_line' id='line_1_15' title="bbox 115 1525 1157 1619; baseline -0.007 -19"><span class='ocrx_word' id='word_1_115' title='bbox 115 1555 118 1562; x_wconf 53' lang='lat'><strong>⁴</strong></span> <span class='ocrx_word' id='word_1_116' title='bbox 188 1554 252 1619; x_wconf 89' lang='lat' dir='ltr'>quo</span> <span class='ocrx_word' id='word_1_117' title='bbox 264 1551 354 1618; x_wconf 88' lang='lat' dir='ltr'>poena</span> <span class='ocrx_word' id='word_1_118' title='bbox 376 1535 483 1594; x_wconf 89' lang='lat' dir='ltr'>statuta</span> <span class='ocrx_word' id='word_1_119' title='bbox 504 1527 609 1592; x_wconf 87' lang='lat' dir='ltr'>luisset</span> <span class='ocrx_word' id='word_1_120' title='bbox 627 1543 683 1608; x_wconf 91' lang='lat' dir='ltr'>pru</span> <span class='ocrx_word' id='word_1_121' title='bbox 702 1525 860 1588; x_wconf 82' lang='lat' dir='ltr'>uiolatione</span> <span class='ocrx_word' id='word_1_122' title='bbox 873 1527 964 1590; x_wconf 88' lang='lat' dir='ltr'>etiam</span> <span class='ocrx_word' id='word_1_123' title='bbox 981 1527 1056 1610; x_wconf 89' lang='lat' dir='ltr'>legis</span> <span class='ocrx_word' id='word_1_124' title='bbox 1069 1535 1157 1593; x_wconf 87' lang='lat' dir='ltr'>natu·</span> 
     </span>
     <span class='ocr_line' id='line_1_16' title="bbox 190 1613 1159 1706; baseline -0.006 -19"><span class='ocrx_word' id='word_1_125' title='bbox 190 1623 275 1702; x_wconf 91' lang='lat' dir='ltr'>ralis,</span> <span class='ocrx_word' id='word_1_126' title='bbox 296 1627 407 1706; x_wconf 91' lang='lat' dir='ltr'>prout,</span> <span class='ocrx_word' id='word_1_127' title='bbox 425 1619 505 1702; x_wconf 80' lang='lat' dir='ltr'>saepe</span> <span class='ocrx_word' id='word_1_128' title='bbox 524 1615 650 1693; x_wconf 90' lang='lat' dir='ltr'>saltem,</span> <span class='ocrx_word' id='word_1_129' title='bbox 667 1613 782 1678; x_wconf 87' lang='lat' dir='ltr'>videtur</span> <span class='ocrx_word' id='word_1_130' title='bbox 799 1615 945 1680; x_wconf 89' lang='lat' dir='ltr'>accidere.</span> <span class='ocrx_word' id='word_1_131' title='bbox 962 1619 1108 1682; x_wconf 86' lang='lat' dir='ltr'>Caetorbm</span> <span class='ocrx_word' id='word_1_132' title='bbox 1127 1620 1159 1681; x_wconf 93' lang='lat' dir='ltr'>in</span> 
     </span>
    </p>
   </div>
   <div class='ocr_carea' id='block_1_6' title="bbox 190 1703 1272 1792">
    <p class='ocr_par' dir='ltr' id='par_1_6' title="bbox 190 1703 1272 1792">
     <span class='ocr_line' id='line_1_17' title="bbox 190 1703 1272 1792; baseline -0.006 -16"><span class='ocrx_word' id='word_1_133' title='bbox 190 1713 255 1778; x_wconf 88' lang='lat' dir='ltr'>loro</span> <span class='ocrx_word' id='word_1_134' title='bbox 268 1719 392 1776; x_wconf 84' lang='lat' dir='ltr'>externo</span> <span class='ocrx_word' id='word_1_135' title='bbox 405 1705 573 1792; x_wconf 75' lang='lat' dir='ltr'>ignorantia</span> <span class='ocrx_word' id='word_1_136' title='bbox 589 1703 664 1788; x_wconf 89' lang='lat' dir='ltr'>legis</span> <span class='ocrx_word' id='word_1_137' title='bbox 677 1721 739 1767; x_wconf 93' lang='lat' dir='ltr'>non</span> <span class='ocrx_word' id='word_1_138' title='bbox 753 1706 954 1788; x_wconf 76' lang='lat' dir='ltr'>praesumitur,</span> <span class='ocrx_word' id='word_1_139' title='bbox 969 1705 1022 1770; x_wconf 87' lang='lat' dir='ltr'>sed</span> <span class='ocrx_word' id='word_1_140' title='bbox 1038 1714 1083 1772; x_wconf 90' lang='lat' dir='ltr'>est</span> <span class='ocrx_word' id='word_1_141' title='bbox 1093 1725 1161 1790; x_wconf 80' lang='lat' dir='ltr'>pro</span> <span class='ocrx_word' id='word_1_142' title='bbox 1271 1756 1272 1759; x_wconf 63' lang='lat'>,</span> 
     </span>
    </p>
   </div>
   <div class='ocr_carea' id='block_1_7' title="bbox 191 1793 1273 2688">
    <p class='ocr_par' dir='ltr' id='par_1_7' title="bbox 191 1793 1273 2688">
     <span class='ocr_line' id='line_1_18' title="bbox 192 1793 1158 1882; baseline -0.006 -16"><span class='ocrx_word' id='word_1_143' title='bbox 192 1801 302 1880; x_wconf 89' lang='lat' dir='ltr'>banda,</span> <span class='ocrx_word' id='word_1_144' title='bbox 312 1801 368 1864; x_wconf 90' lang='lat' dir='ltr'>nisi</span> <span class='ocrx_word' id='word_1_145' title='bbox 376 1793 834 1882; x_wconf 87' lang='lat' dir='ltr'>agereturdepersonisomnino</span> <span class='ocrx_word' id='word_1_146' title='bbox 843 1793 986 1860; x_wconf 86' lang='lat' dir='ltr'>illiteratis</span> <span class='ocrx_word' id='word_1_147' title='bbox 994 1797 1158 1880; x_wconf 82' lang='lat' dir='ltr'>(Stremler,</span> 
     </span>
     <span class='ocr_line' id='line_1_19' title="bbox 191 1893 1273 2064; baseline -0.006 -18"><span class='ocrx_word' id='word_1_148' title='bbox 191 1893 426 2046; x_wconf 37' lang='lat' dir='ltr'>ilppbarpvm</span> <span class='ocrx_word' id='word_1_149' title='bbox 446 1977 546 2064; x_wconf 84' lang='lat' dir='ltr'>qubd,</span> <span class='ocrx_word' id='word_1_150' title='bbox 566 1978 590 2044; x_wconf 90' lang='lat' dir='ltr'>si</span> <span class='ocrx_word' id='word_1_151' title='bbox 605 1995 694 2062; x_wconf 87' lang='lat' dir='ltr'>poena</span> <span class='ocrx_word' id='word_1_152' title='bbox 707 1977 746 2038; x_wconf 92' lang='lat' dir='ltr'>sit</span> <span class='ocrx_word' id='word_1_153' title='bbox 765 1973 876 2038; x_wconf 89' lang='lat' dir='ltr'>indicta</span> <span class='ocrx_word' id='word_1_154' title='bbox 888 1936 1161 2060; x_wconf 67' lang='lat' dir='ltr'>mammantibus,</span> <span class='ocrx_word' id='word_1_155' title='bbox 1272 2010 1273 2019; x_wconf 25' lang='grc' dir='ltr'><strong>κ</strong></span> 
     </span>
     <span class='ocr_line' id='line_1_20' title="bbox 193 2067 1163 2151; baseline -0.005 -14"><span class='ocrx_word' id='word_1_156' title='bbox 193 2073 393 2151; x_wconf 70' lang='lat' dir='ltr'>circumiere,</span> <span class='ocrx_word' id='word_1_157' title='bbox 407 2069 546 2135; x_wconf 89' lang='lat' dir='ltr'>consultd</span> <span class='ocrx_word' id='word_1_158' title='bbox 558 2075 612 2131; x_wconf 89' lang='lat' dir='ltr'>aut</span> <span class='ocrx_word' id='word_1_159' title='bbox 624 2067 752 2130; x_wconf 86' lang='lat' dir='ltr'>scienter</span> <span class='ocrx_word' id='word_1_160' title='bbox 763 2067 967 2146; x_wconf 74' lang='lat' dir='ltr'>peccantibus,</span> <span class='ocrx_word' id='word_1_161' title='bbox 982 2073 1056 2132; x_wconf 90' lang='lat' dir='ltr'>tunc</span> <span class='ocrx_word' id='word_1_162' title='bbox 1068 2087 1163 2132; x_wconf 85' lang='lat' dir='ltr'>excu-</span> 
     </span>
     <span class='ocr_line' id='line_1_21' title="bbox 195 2155 1164 2244; baseline -0.004 -19"><span class='ocrx_word' id='word_1_163' title='bbox 195 2169 241 2226; x_wconf 86' lang='lat' dir='ltr'>sat</span> <span class='ocrx_word' id='word_1_164' title='bbox 254 2163 422 2244; x_wconf 83' lang='lat' dir='ltr'>ignorantia</span> <span class='ocrx_word' id='word_1_165' title='bbox 431 2161 639 2234; x_wconf 87' lang='lat' dir='ltr'>etiamcrassa,</span> <span class='ocrx_word' id='word_1_166' title='bbox 650 2173 711 2217; x_wconf 91' lang='lat' dir='ltr'>non</span> <span class='ocrx_word' id='word_1_167' title='bbox 721 2161 822 2216; x_wconf 89' lang='lat' dir='ltr'>lamen</span> <span class='ocrx_word' id='word_1_168' title='bbox 836 2155 981 2232; x_wconf 83' lang='lat' dir='ltr'>affectata,</span> <span class='ocrx_word' id='word_1_169' title='bbox 997 2175 1065 2238; x_wconf 88' lang='lat' dir='ltr'>quae</span> <span class='ocrx_word' id='word_1_170' title='bbox 1080 2156 1164 2222; x_wconf 89' lang='lat' dir='ltr'>adest</span> 
     </span>
     <span class='ocr_line' id='line_1_22' title="bbox 195 2242 1162 2331; baseline -0.004 -17"><span class='ocrx_word' id='word_1_171' title='bbox 195 2252 266 2314; x_wconf 86' lang='lat' dir='ltr'>clrm</span> <span class='ocrx_word' id='word_1_172' title='bbox 288 2249 357 2331; x_wconf 89' lang='lat' dir='ltr'>quis</span> <span class='ocrx_word' id='word_1_173' title='bbox 369 2247 500 2312; x_wconf 76' lang='lat' dir='ltr'>studiose</span> <span class='ocrx_word' id='word_1_174' title='bbox 514 2245 638 2326; x_wconf 76' lang='lat' dir='ltr'>negligit</span> <span class='ocrx_word' id='word_1_175' title='bbox 657 2243 734 2305; x_wconf 91' lang='lat' dir='ltr'>scire</span> <span class='ocrx_word' id='word_1_176' title='bbox 754 2242 867 2323; x_wconf 89' lang='lat' dir='ltr'>legem,</span> <span class='ocrx_word' id='word_1_177' title='bbox 889 2249 924 2306; x_wconf 89' lang='lat' dir='ltr'>ut</span> <span class='ocrx_word' id='word_1_178' title='bbox 936 2243 1059 2308; x_wconf 82' lang='lat' dir='ltr'>liberius</span> <span class='ocrx_word' id='word_1_179' title='bbox 1073 2253 1162 2330; x_wconf 90' lang='lat' dir='ltr'>agat,</span> 
     </span>
     <span class='ocr_line' id='line_1_23' title="bbox 195 2331 1162 2462; baseline -0.001 -62"><span class='ocrx_word' id='word_1_180' title='bbox 195 2338 266 2440; x_wconf 78' lang='lat' dir='ltr'>quia</span> <span class='ocrx_word' id='word_1_181' title='bbox 288 2337 355 2462; x_wconf 62' lang='lat' dir='ltr'>talis</span> <span class='ocrx_word' id='word_1_182' title='bbox 381 2333 549 2417; x_wconf 89' lang='lat' dir='ltr'>ignorantia</span> <span class='ocrx_word' id='word_1_183' title='bbox 570 2331 702 2395; x_wconf 84' lang='lat' dir='ltr'>scientiae</span> <span class='ocrx_word' id='word_1_184' title='bbox 725 2331 938 2413; x_wconf 81' lang='lat' dir='ltr'>aequiparatur.</span> <span class='ocrx_word' id='word_1_185' title='bbox 959 2335 1003 2413; x_wconf 90' lang='lat' dir='ltr'>(S.</span> <span class='ocrx_word' id='word_1_186' title='bbox 1027 2335 1162 2420; x_wconf 87' lang='lat' dir='ltr'>Lignor.,</span> 
     </span>
     <span class='ocr_line' id='line_1_24' title="bbox 196 2425 1130 2596; baseline -0.002 -16"><span class='ocrx_word' id='word_1_187' title='bbox 196 2425 333 2580; x_wconf 49' lang='lat' dir='ltr'>impppssp</span> <span class='ocrx_word' id='word_1_188' title='bbox 348 2429 470 2589; x_wconf 55' lang='lat' dir='ltr'>ddgdt.</span> <span class='ocrx_word' id='word_1_189' title='bbox 485 2516 518 2576; x_wconf 72' lang='grc' dir='ltr'>3ο</span> <span class='ocrx_word' id='word_1_190' title='bbox 531 2511 660 2587; x_wconf 85' lang='lat' dir='ltr'>Quinam</span> <span class='ocrx_word' id='word_1_191' title='bbox 674 2512 790 2596; x_wconf 89' lang='lat' dir='ltr'>possint</span> <span class='ocrx_word' id='word_1_192' title='bbox 802 2531 907 2595; x_wconf 84' lang='lat' dir='ltr'>poenas</span> <span class='ocrx_word' id='word_1_193' title='bbox 920 2512 1081 2580; x_wconf 89' lang='lat' dir='ltr'>decernere</span> <span class='ocrx_word' id='word_1_194' title='bbox 1093 2514 1130 2586; x_wconf 71' lang='lat' dir='ltr'>l,</span> 
     </span>
     <span class='ocr_line' id='line_1_25' title="bbox 236 2602 1163 2688; baseline -0.001 -19"><span class='ocrx_word' id='word_1_195' title='bbox 236 2609 327 2688; x_wconf 82' lang='lat' dir='ltr'>Rcsp.</span> <span class='ocrx_word' id='word_1_196' title='bbox 340 2606 392 2668; x_wconf 90' lang='lat' dir='ltr'>llel</span> <span class='ocrx_word' id='word_1_197' title='bbox 405 2605 452 2687; x_wconf 88' lang='lat' dir='ltr'>agi</span> <span class='ocrx_word' id='word_1_198' title='bbox 467 2604 504 2667; x_wconf 90' lang='lat' dir='ltr'>de</span> <span class='ocrx_word' id='word_1_199' title='bbox 517 2603 642 2686; x_wconf 80' lang='lat' dir='ltr'>poenisa</span> <span class='ocrx_word' id='word_1_200' title='bbox 656 2602 734 2685; x_wconf 90' lang='lat' dir='ltr'>lege,</span> <span class='ocrx_word' id='word_1_201' title='bbox 748 2609 858 2668; x_wconf 84' lang='lat' dir='ltr'>statuto</span> <span class='ocrx_word' id='word_1_202' title='bbox 871 2609 924 2667; x_wconf 90' lang='lat' dir='ltr'>aut</span> <span class='ocrx_word' id='word_1_203' title='bbox 936 2604 1076 2668; x_wconf 91' lang='lat' dir='ltr'>mandato</span> <span class='ocrx_word' id='word_1_204' title='bbox 1089 2623 1163 2668; x_wconf 84' lang='lat' dir='ltr'>con-</span> 
     </span>
    </p>
   </div>
   <div class='ocr_carea' id='block_1_8' title="bbox 198 2691 1274 2776">
    <p class='ocr_par' dir='ltr' id='par_1_8' title="bbox 198 2691 1274 2776">
     <span class='ocr_line' id='line_1_26' title="bbox 198 2691 1274 2776; baseline 0.002 -19"><span class='ocrx_word' id='word_1_205' title='bbox 198 2693 305 2758; x_wconf 84' lang='lat' dir='ltr'>stitutis</span> <span class='ocrx_word' id='word_1_206' title='bbox 315 2696 377 2774; x_wconf 90' lang='lat' dir='ltr'>,vel</span> <span class='ocrx_word' id='word_1_207' title='bbox 390 2694 428 2758; x_wconf 91' lang='lat' dir='ltr'>de</span> <span class='ocrx_word' id='word_1_208' title='bbox 438 2695 534 2776; x_wconf 81' lang='lat' dir='ltr'>pranis</span> <span class='ocrx_word' id='word_1_209' title='bbox 547 2691 717 2754; x_wconf 87' lang='lat' dir='ltr'>abhomine</span> <span class='ocrx_word' id='word_1_210' title='bbox 728 2709 782 2773; x_wconf 90' lang='lat' dir='ltr'>per</span> <span class='ocrx_word' id='word_1_211' title='bbox 791 2693 970 2758; x_wconf 89' lang='lat' dir='ltr'>sententiam</span> <span class='ocrx_word' id='word_1_212' title='bbox 979 2693 1163 2759; x_wconf 85' lang='lat' dir='ltr'>inferendis:</span> <span class='ocrx_word' id='word_1_213' title='bbox 1273 2704 1274 2723; x_wconf 66' lang='lat'>¹</span> 
     </span>
    </p>
   </div>
   <div class='ocr_carea' id='block_1_9' title="bbox 199 2780 1163 2867">
    <p class='ocr_par' dir='ltr' id='par_1_9' title="bbox 199 2780 1163 2867">
     <span class='ocr_line' id='line_1_27' title="bbox 199 2780 1163 2867; baseline 0.003 -23"><span class='ocrx_word' id='word_1_214' title='bbox 199 2785 232 2844; x_wconf 84' lang='lat' dir='ltr'>ia</span> <span class='ocrx_word' id='word_1_215' title='bbox 250 2785 349 2865; x_wconf 80' lang='lat' dir='ltr'>primo</span> <span class='ocrx_word' id='word_1_216' title='bbox 369 2803 455 2861; x_wconf 74' lang='lat' dir='ltr'>cmo,</span> <span class='ocrx_word' id='word_1_217' title='bbox 476 2781 532 2845; x_wconf 90' lang='lat' dir='ltr'>soli</span> <span class='ocrx_word' id='word_1_218' title='bbox 548 2799 654 2865; x_wconf 87' lang='lat' dir='ltr'>poenas</span> <span class='ocrx_word' id='word_1_219' title='bbox 670 2780 832 2846; x_wconf 87' lang='lat' dir='ltr'>decernere</span> <span class='ocrx_word' id='word_1_220' title='bbox 855 2783 955 2848; x_wconf 87' lang='lat' dir='ltr'>valent</span> <span class='ocrx_word' id='word_1_221' title='bbox 973 2785 1026 2867; x_wconf 89' lang='lat' dir='ltr'>qui</span> <span class='ocrx_word' id='word_1_222' title='bbox 1045 2783 1163 2867; x_wconf 88' lang='lat' dir='ltr'>legem,</span> 
     </span>
    </p>
   </div>
   <div class='ocr_carea' id='block_1_10' title="bbox 198 2858 1274 3045">
    <p class='ocr_par' dir='ltr' id='par_1_10' title="bbox 198 2858 1274 3045">
     <span class='ocr_line' id='line_1_28' title="bbox 198 2858 1274 2956; baseline 0.003 -20"><span class='ocrx_word' id='word_1_223' title='bbox 198 2877 342 2937; x_wconf 81' lang='lat' dir='ltr'>statutum</span> <span class='ocrx_word' id='word_1_224' title='bbox 355 2871 590 2935; x_wconf 90' lang='lat' dir='ltr'>autmandatum</span> <span class='ocrx_word' id='word_1_225' title='bbox 602 2869 733 2934; x_wconf 90' lang='lat' dir='ltr'>condere</span> <span class='ocrx_word' id='word_1_226' title='bbox 742 2871 787 2933; x_wconf 90' lang='lat' dir='ltr'>vel</span> <span class='ocrx_word' id='word_1_227' title='bbox 801 2869 1046 2955; x_wconf 84' lang='lat' dir='ltr'>iaeerepossunt:</span> <span class='ocrx_word' id='word_1_228' title='bbox 1061 2875 1167 2956; x_wconf 85' lang='lat' dir='ltr'>quales</span> <span class='ocrx_word' id='word_1_229' title='bbox 1273 2858 1274 2939; x_wconf 51' lang='lat' dir='ltr'>J</span> 
     </span>
     <span class='ocr_line' id='line_1_29' title="bbox 199 2958 1274 3045; baseline -0.003 -16"><span class='ocrx_word' id='word_1_230' title='bbox 199 2958 959 3045; x_wconf 80' lang='lat' dir='ltr'>sunt,nonsolbmS.Pontilax,sedetiamllpisoopi</span> <span class='ocrx_word' id='word_1_231' title='bbox 972 2961 1167 3044; x_wconf 87' lang='lat' dir='ltr'>etpluresalii</span> <span class='ocrx_word' id='word_1_232' title='bbox 1273 2960 1274 2983; x_wconf 67' lang='lat'>¹</span> 
     </span>
    </p>
   </div>
   <div class='ocr_carea' id='block_1_11' title="bbox 200 3048 1172 3758">
    <p class='ocr_par' dir='ltr' id='par_1_11' title="bbox 200 3048 1172 3758">
     <span class='ocr_line' id='line_1_30' title="bbox 203 3048 1167 3133; baseline 0.002 -19"><span class='ocrx_word' id='word_1_233' title='bbox 203 3049 316 3114; x_wconf 78' lang='lat' dir='ltr'>Praelati</span> <span class='ocrx_word' id='word_1_234' title='bbox 327 3048 604 3130; x_wconf 84' lang='lat' dir='ltr'>jurisdictiotionem</span> <span class='ocrx_word' id='word_1_235' title='bbox 618 3049 703 3131; x_wconf 87' lang='lat' dir='ltr'>quasi</span> <span class='ocrx_word' id='word_1_236' title='bbox 716 3049 923 3133; x_wconf 88' lang='lat' dir='ltr'>Episcopalam</span> <span class='ocrx_word' id='word_1_237' title='bbox 943 3049 1105 3131; x_wconf 86' lang='lat' dir='ltr'>babentes;</span> <span class='ocrx_word' id='word_1_238' title='bbox 1127 3051 1167 3116; x_wconf 91' lang='lat' dir='ltr'>dc</span> 
     </span>
     <span class='ocr_line' id='line_1_31' title="bbox 200 3137 1171 3222; baseline 0.002 -17"><span class='ocrx_word' id='word_1_239' title='bbox 200 3140 325 3205; x_wconf 80' lang='lat' dir='ltr'>vicanis</span> <span class='ocrx_word' id='word_1_240' title='bbox 338 3137 532 3204; x_wconf 83' lang='lat' dir='ltr'>Generalibus</span> <span class='ocrx_word' id='word_1_241' title='bbox 543 3143 574 3202; x_wconf 88' lang='lat' dir='ltr'>et</span> <span class='ocrx_word' id='word_1_242' title='bbox 585 3139 814 3221; x_wconf 75' lang='lat' dir='ltr'>capitularibus,</span> <span class='ocrx_word' id='word_1_243' title='bbox 824 3141 891 3204; x_wconf 87' lang='lat' dir='ltr'>ride</span> <span class='ocrx_word' id='word_1_244' title='bbox 899 3143 922 3220; x_wconf 86' lang='lat' dir='ltr'>(l</span> <span class='ocrx_word' id='word_1_245' title='bbox 930 3145 999 3221; x_wconf 78' lang='lat' dir='ltr'>loa,</span> <span class='ocrx_word' id='word_1_246' title='bbox 1011 3141 1109 3222; x_wconf 64' lang='lat' dir='ltr'>llud).</span> <span class='ocrx_word' id='word_1_247' title='bbox 1122 3144 1171 3207; x_wconf 84' lang='lat' dir='ltr'>lle</span> 
     </span>
     <span class='ocr_line' id='line_1_32' title="bbox 202 3226 1169 3312; baseline 0.002 -20"><span class='ocrx_word' id='word_1_248' title='bbox 202 3226 540 3312; x_wconf 84' lang='lat' dir='ltr'>potestateverdlerendi</span> <span class='ocrx_word' id='word_1_249' title='bbox 548 3228 914 3293; x_wconf 87' lang='lat' dir='ltr'>censurasdicemusinlra</span> <span class='ocrx_word' id='word_1_250' title='bbox 922 3234 1121 3312; x_wconf 73' lang='lat' dir='ltr'>(baltasar).</span> <span class='ocrx_word' id='word_1_251' title='bbox 1131 3233 1169 3295; x_wconf 83' lang='lat' dir='ltr'>ln</span> 
     </span>
     <span class='ocr_line' id='line_1_33' title="bbox 203 3316 1169 3400; baseline 0.002 -19"><span class='ocrx_word' id='word_1_252' title='bbox 203 3317 322 3382; x_wconf 73' lang='lat' dir='ltr'>secunao</span> <span class='ocrx_word' id='word_1_253' title='bbox 336 3337 415 3397; x_wconf 79' lang='lat' dir='ltr'>maa,</span> <span class='ocrx_word' id='word_1_254' title='bbox 429 3316 484 3380; x_wconf 89' lang='lat' dir='ltr'>soli</span> <span class='ocrx_word' id='word_1_255' title='bbox 498 3317 550 3400; x_wconf 91' lang='lat' dir='ltr'>qui</span> <span class='ocrx_word' id='word_1_256' title='bbox 564 3317 694 3398; x_wconf 76' lang='lat' dir='ltr'>legitime</span> <span class='ocrx_word' id='word_1_257' title='bbox 707 3317 824 3396; x_wconf 87' lang='lat' dir='ltr'>judices</span> <span class='ocrx_word' id='word_1_258' title='bbox 836 3321 987 3383; x_wconf 86' lang='lat' dir='ltr'>constituti</span> <span class='ocrx_word' id='word_1_259' title='bbox 1001 3320 1083 3385; x_wconf 81' lang='lat' dir='ltr'>intre</span> <span class='ocrx_word' id='word_1_260' title='bbox 1096 3339 1169 3385; x_wconf 90' lang='lat' dir='ltr'>cum</span> 
     </span>
     <span class='ocr_line' id='line_1_34' title="bbox 204 3405 1170 3492; baseline 0.003 -22"><span class='ocrx_word' id='word_1_261' title='bbox 204 3411 348 3489; x_wconf 86' lang='lat' dir='ltr'>potestate</span> <span class='ocrx_word' id='word_1_262' title='bbox 368 3405 520 3471; x_wconf 80' lang='lat' dir='ltr'>ordinaria</span> <span class='ocrx_word' id='word_1_263' title='bbox 535 3405 581 3470; x_wconf 85' lang='lat' dir='ltr'>vel</span> <span class='ocrx_word' id='word_1_264' title='bbox 599 3405 751 3486; x_wconf 84' lang='lat' dir='ltr'>delegata,</span> <span class='ocrx_word' id='word_1_265' title='bbox 772 3415 897 3489; x_wconf 90' lang='lat' dir='ltr'>possunt</span> <span class='ocrx_word' id='word_1_266' title='bbox 913 3407 979 3472; x_wconf 88' lang='lat' dir='ltr'>illas</span> <span class='ocrx_word' id='word_1_267' title='bbox 997 3429 1101 3492; x_wconf 78' lang='lat' dir='ltr'>poerrra</span> <span class='ocrx_word' id='word_1_268' title='bbox 1115 3429 1170 3492; x_wconf 87' lang='lat' dir='ltr'>per</span> 
     </span>
     <span class='ocr_line' id='line_1_35' title="bbox 204 3493 1172 3579; baseline 0.007 -23"><span class='ocrx_word' id='word_1_269' title='bbox 204 3496 366 3559; x_wconf 86' lang='lat' dir='ltr'>sententias</span> <span class='ocrx_word' id='word_1_270' title='bbox 387 3494 476 3558; x_wconf 83' lang='lat' dir='ltr'>terre.</span> <span class='ocrx_word' id='word_1_271' title='bbox 495 3493 572 3558; x_wconf 82' lang='lat' dir='ltr'>Vide</span> <span class='ocrx_word' id='word_1_272' title='bbox 594 3495 684 3558; x_wconf 86' lang='lat' dir='ltr'>etiam</span> <span class='ocrx_word' id='word_1_273' title='bbox 701 3494 781 3558; x_wconf 86' lang='lat' dir='ltr'>dicta</span> <span class='ocrx_word' id='word_1_274' title='bbox 799 3501 1015 3579; x_wconf 73' lang='lat' dir='ltr'>supra(5tl&#39;1).</span> <span class='ocrx_word' id='word_1_275' title='bbox 1037 3499 1172 3563; x_wconf 83' lang='lat' dir='ltr'>Potestas</span> 
     </span>
     <span class='ocr_line' id='line_1_36' title="bbox 205 3581 1168 3672; baseline 0.009 -27"><span class='ocrx_word' id='word_1_276' title='bbox 205 3589 305 3645; x_wconf 86' lang='lat' dir='ltr'>aulem</span> <span class='ocrx_word' id='word_1_277' title='bbox 317 3583 432 3648; x_wconf 85' lang='lat' dir='ltr'>terendi</span> <span class='ocrx_word' id='word_1_278' title='bbox 442 3601 546 3667; x_wconf 85' lang='lat' dir='ltr'>poenas</span> <span class='ocrx_word' id='word_1_279' title='bbox 555 3581 592 3648; x_wconf 88' lang='lat' dir='ltr'>ad</span> <span class='ocrx_word' id='word_1_280' title='bbox 599 3581 861 3648; x_wconf 80' lang='lat' dir='ltr'>lorumexternum</span> <span class='ocrx_word' id='word_1_281' title='bbox 871 3587 997 3668; x_wconf 87' lang='lat' dir='ltr'>pertinet</span> <span class='ocrx_word' id='word_1_282' title='bbox 1005 3589 1168 3672; x_wconf 63' lang='lat' dir='ltr'>(andala).</span> 
     </span>
     <span class='ocr_line' id='line_1_37' title="bbox 246 3671 1028 3758; baseline 0.01 -27"><span class='ocrx_word' id='word_1_283' title='bbox 246 3672 335 3734; x_wconf 76' lang='lat' dir='ltr'>nala.</span> <span class='ocrx_word' id='word_1_284' title='bbox 358 3673 479 3745; x_wconf 76' lang='lat' dir='ltr'>Quaerit.</span> <span class='ocrx_word' id='word_1_285' title='bbox 495 3677 527 3736; x_wconf 80' lang='lat' dir='ltr'>t·</span> <span class='ocrx_word' id='word_1_286' title='bbox 539 3671 667 3746; x_wconf 84' lang='lat' dir='ltr'>Quinam</span> <span class='ocrx_word' id='word_1_287' title='bbox 681 3673 795 3752; x_wconf 90' lang='lat' dir='ltr'>possint</span> <span class='ocrx_word' id='word_1_288' title='bbox 805 3676 905 3755; x_wconf 83' lang='lat' dir='ltr'>poenis</span> <span class='ocrx_word' id='word_1_289' title='bbox 918 3675 1028 3758; x_wconf 82' lang='lat' dir='ltr'>plecti?</span> 
     </span>
    </p>
   </div>
   <div class='ocr_carea' id='block_1_12' title="bbox 0 0 1308 3988">
    <p class='ocr_par' dir='ltr' id='par_1_12' title="bbox 0 0 1308 3988">
     <span class='ocr_line' id='line_1_38' title="bbox 0 0 1308 3988; baseline 0 0"><span class='ocrx_word' id='word_1_290' title='bbox 0 0 1308 3988; x_wconf 95' lang='lat' dir='ltr'> </span> 
     </span>
    </p>
   </div>
  </div>
 </body>
</html>
