2548 3988
473 306 557 353 crasa
577 309 709 358 rmrrus.
1016 301 1074 366 aar

109 424 125 463 a
150 404 531 488 pomuidorispostularc.r
549 409 630 492 (Cap.
645 410 792 494 separe
805 413 915 497 tradit,
931 417 966 482 de
983 419 1078 483 llan-

110 493 244 573 sortior.)

154 585 223 644 aln
246 585 416 648 excessibus
439 586 648 668 singulorum,
672 609 735 653 non
753 591 853 656 solium
876 599 1028 676 quantitas
1049 606 1080 663 et

110 695 127 735 a
151 672 277 755 qualitas
292 673 411 754 delicti,
425 675 478 738 sed
491 683 580 754 aetas,
596 677 740 757 scientia,
754 699 844 744 sexus
866 689 955 765 atque
973 686 1078 750 condi-

110 783 128 824 »
150 761 193 823 tio
205 761 408 844 delinquentis
421 770 492 828 sunt
510 767 710 844 attendenda3
725 775 755 831 et
773 788 835 832 non
850 772 949 836 solum
967 793 1080 840 secun·

111 873 128 911 a
151 850 226 912 dum
251 851 416 932 praedicta,
439 854 492 916 sed
514 856 683 919 secuudum
705 857 805 922 locum
827 866 857 922 et
876 867 996 945 tempus
1018 883 1081 946 quo

111 939 295 1002 »delictum
330 943 546 1020 committitur,
583 945 748 1027 unicuique
783 947 872 1011 debet
906 951 1081 1032 poenitentia

112 1051 129 1089 a
153 1029 257 1102 indici,
273 1029 345 1092 oum
365 1029 445 1094 idem
464 1050 604 1096 excessus
626 1035 722 1118 magis
739 1033 777 1098 sit
795 1036 827 1098 in
848 1055 911 1100 uno
934 1043 1026 1121 qutun
1050 1042 1083 1102 in

112 1140 130 1179 r
152 1117 211 1179 alio
223 1118 405 1199 puniendus.
417 1143 432 1180 u
444 1122 525 1203 (Gap.
537 1122 625 1185 Sicut
639 1123 761 1206 dr'pnum
770 1127 799 1196 6,
810 1125 845 1188 de
858 1113 1040 1210 homicidio}

153 1209 243 1270 6329.
255 1209 376 1280 Quaerit.
392 1209 423 1270 6⁰
438 1213 484 1270 An
498 1217 528 1272 et
541 1211 668 1293 qualiter
682 1229 771 1295 poena
782 1215 876 1295 possit
889 1217 1021 1280 remitti?

155 1297 244 1378 Resp.
270 1296 323 1358 Vel
341 1315 432 1378 poena
448 1304 493 1360 est
509 1299 573 1379 jam
599 1299 732 1378 inflicta,
747 1301 794 1364 vel
821 1303 919 1366 sollum
937 1311 983 1368 cst
1002 1306 1081 1368 inlli-

114 1385 212 1468 genda
237 1403 246 1446 r
267 1385 290 1447 si
309 1387 412 1468 prius,
434 1386 544 1450 iterum
564 1396 610 1452 est
630 1389 876 1472 distinguendum
896 1411 904 1454 τ
923 1401 975 1456 aut
998 1397 1081 1458 enim

114 1476 213 1556 agitur
231 1472 269 1536 de
291 1477 380 1556 poent
402 1473 582 1553 medicinati,
596 1485 686 1560 prout
706 1485 777 1542 sunt
793 1497 942 1560 censurae,
965 1489 995 1546 et
1018 1503 1080 1548 non

114 1563 213 1627 solum
227 1569 300 1625 tunc
320 1565 339 1624 b
358 1564 510 1644 Superiori
530 1567 711 1648 competenti
731 1586 820 1649 poena
840 1570 950 1632 remitti
963 1577 1079 1652 potest,

114 1652 167 1716 sed
188 1653 277 1715 etiam
295 1659 340 1715 ost
358 1653 538 1716 remittenda
555 1655 580 1716 si
601 1657 789 1718 contumacia
810 1660 991 1722 cessaverit:
1010 1662 1080 1724 cum

115 1741 197 1804 enim
211 1759 309 1822 poenae
326 1739 519 1805 medicinales
533 1741 570 1804 ad
587 1740 645 1805 hoc
658 1743 769 1806 luerint
782 1745 924 1809 institutae
939 1753 973 1810 ut
984 1748 1081 1812 delin-

72 1821 79 1830 “
115 1837 260 1913 quentem
273 1827 310 1892 ad
330 1830 537 1911 poenitentiam
559 1831 756 1908 reducerent,
772 1833 819 1895 hae
839 1837 950 1898 remitti
971 1837 1083 1900 debent

116 1927 275 2002 postquam
296 1937 385 1981 suum
412 1919 554 1983 effectum
574 1919 799 2001 produxerunt;
819 1923 871 1984 sed
894 1925 925 1985 in
947 1926 1083 2005 pluribus

117 2008 235 2071 casibus
257 2007 405 2071 absolutio
422 2007 595 2088 hujusmodi
619 2026 816 2072 censurarum
830 2013 861 2074 S.
877 2011 1015 2075 Pontifici
1039 2021 1084 2077 est

119 2103 284 2172 reservata,
303 2101 337 2160 ut
355 2096 419 2180 iam
438 2095 569 2160 diximus
588 2115 679 2180 supra
696 2097 736 2162 de
757 2098 965 2177 confessarii53
980 2107 1085 2166 -aut

118 2186 217 2267 agitur
235 2185 273 2248 de
291 2185 387 2267 poenis
408 2184 614 2262 clarimontis,
636 2187 668 2248 in
688 2205 749 2270 quo
768 2205 841 2268 casu
861 2206 941 2270 saepe
961 2188 1082 2270 quidem

119 2274 231 2337 licitum
243 2281 289 2337 cst
303 2275 460 2337 Ordinario
473 2275 669 2356 poenitentem
679 2275 861 2356 reintegrare
872 2325 880 2353 ,
891 2276 943 2340 sed
953 2275 1011 2341 hoc
1021 2297 1082 2345 non

120 2381 238 2445 semper
251 2363 386 2444 expedit;
407 2364 469 2425 imb
490 2364 657 2446 Episcopus
678 2366 783 2448 nequit
802 2383 921 2448 semper
938 2367 982 2429 sic
997 2385 1083 2432 reum

119 2452 324 2535 reintegrare:
338 2453 369 2514 id
382 2453 464 2514 enim
478 2471 540 2515 non
554 2459 655 2535 posset
672 2472 764 2528 casu,
778 2473 808 2517 v.
824 2475 869 2536 g.‚
884 2473 946 2538 quo
965 2474 1034 2518 reus
1047 2475 1084 2521 ex

120 2542 283 2617 sententia,
293 2559 412 2624 poenam
422 2541 645 2622 irregularitatis
660 2561 697 2604 ex
710 2542 844 2619 delectu,
853 2551 905 2606 aut
917 2543 1085 2624 irregulari-

120 2631 188 2693 tatis
199 2631 322 2694 notoriae
335 2649 373 2694 ex
382 2629 490 2693 delicto
503 2631 685 2694 incurrisset.

113 2737 118 2801 ς
162 2721 244 2784 Patet
255 2720 354 2803 quod,
368 2720 401 2782 in
420 2727 550 2801 utroque
571 2737 642 2782 casu
665 2738 736 2784 mox
754 2721 908 2804 exposito,
922 2741 1013 2806 poena
1030 2742 1085 2808 per

122 2809 301 2872 sententiam
314 2809 482 2892 Superioris
495 2808 634 2890 imposita
644 2827 707 2872 non
720 2816 820 2892 posset
832 2811 943 2876 remitti
956 2815 974 2876 a
985 2814 1085 2893 iudico

123 2897 255 2962 inferiori
278 2897 335 2960 nisi
352 2915 423 2961 cum
436 2897 604 2980 Superioris
628 2916 762 2962 assensu.
784 2897 867 2962 Idem
889 2907 969 2983 patet
986 2903 1085 2985 quoad

110 2976 113 3005 ¹
121 2987 254 3067 iudicem
271 2994 463 3064 extraneum,
478 2988 533 3050 etsi
547 3005 610 3050 non
623 2988 661 3050 sit
672 2987 796 3050 interior
808 2988 887 3053 illius
901 2991 953 3072 qui
964 3010 1085 3074 poenam

11 3098 14 3104 ·
125 3074 263 3139 decrevit.

165 3167 253 3226 6330.
269 3163 299 3228 Si
310 3165 469 3246 posteritas,
481 3181 535 3227 seu
548 3164 574 3228 si
588 3183 678 3246 poena
690 3166 827 3228 nondum
843 3165 1019 3245 siriatico,
1034 3167 1086 3233 sed

125 3253 165 3317 sit
182 3251 280 3315 solum
298 3270 369 3334 erga
384 3271 472 3317 reum
486 3251 613 3332 juridice
627 3255 797 3317 convictum
811 3255 995 3336 infligenda,
1010 3255 1085 3317 dixi·

125 3361 195 3406 mus
208 3359 299 3425 supra
313 3343 412 3425 (5950)
429 3342 512 3425 qudd
527 3343 673 3406 sententia
692 3341 815 3407 deberet
827 3361 892 3406 esse
909 3343 955 3406 vel
973 3343 1055 3405 absol
1075 3380 1087 3392 -

126 3434 224 3510 toria,
239 3449 311 3497 casu
324 3451 434 3514 nempe
447 3450 509 3513 quo
525 3431 640 3495 crimen
659 3451 722 3494 non
733 3431 839 3495 luisset
851 3433 1027 3514 probatum3
1043 3434 1088 3497 uel

125 3522 380 3596 cmdemuatorr'u‚
396 3520 421 3584 si
443 3521 566 3583 econtra
578 3521 737 3602 probatum
754 3519 870 3582 luisset.
888 3519 976 3584 Unde
994 3522 1088 3604 Supe-

126 3612 188 3677 rior
206 3629 267 3674 non
286 3609 376 3673 debet
395 3625 515 3691 poenam
533 3610 684 3672 remittere
704 3615 773 3672 anta
791 3609 969 3672 sententiam
991 3625 999 3670 a
1019 3619 1090 3676 sunt

127 3705 230 3766 tomen
242 3713 330 3764 earm
343 3697 377 3762 iu
389 3692 500 3778 quibat
511 3693 574 3762 tisri
588 3703 685 3780 potest
697 3693 888 3780 compositos
897 3699 988 3779 prout
1000 3709 1084 3781 supra·
