2504 3990
206 206 270 277 dm
425 221 566 274 ursolus
585 223 689 272 corros
709 223 791 273 conss
812 222 957 272 canonici.

204 319 312 400 ratam
326 331 505 397 lncarrunt.
531 327 664 413 losuper
686 329 891 396 interdictum
917 329 1169 411 contrahunt‚ut

207 422 291 489 infra
304 422 448 487 dicemus
458 421 570 504 (66341,
583 421 639 502 qul
655 419 830 484 admittunt
844 422 1033 486 nominatim
1047 443 1169 490 excom·

207 511 387 580 manicatos
406 511 446 576 ad
459 511 567 575 divina
582 509 683 574 officia
709 509 759 572 val
794 512 1036 576 ecclesiasticam
1065 517 1169 597 sepul·

202 597 615 696 Ι1666661..1ρ<66.8611ε);
632 615 697 662 non
712 613 831 676 autem,
847 601 872 664 sl
887 601 1046 666 adcedam
1060 603 1171 669 admit-

206 701 279 758 tunt
292 709 347 758 eos
360 691 416 772 qui
428 687 630 754 solummodo
644 695 720 751 sunt
733 688 902 753 interdicti.

250 785 341 846 6623.
374 784 525 865 rampore
553 779 626 845 verd
656 777 808 843 interdicti
840 779 988 862 generalis
1016 779 1177 862 personalia
1223 784 1224 864 1

212 888 303 936 nemo
313 876 358 934 est
370 869 535 954 privandus
548 867 929 950 sepulturlecclesiastica,
944 869 1001 931 nisi
1016 869 1070 950 qni
1085 887 1178 950 perso
1224 902 1225 954 1

212 960 320 1024 naliter
339 965 369 1026 et
392 957 571 1022 nominatim
593 963 696 1020 essent
717 957 864 1020 interdicti
892 958 1050 1036 (clement.
1078 963 1122 1038 l,
1149 959 1179 1020 de

211 1049 329 1132 sepult.;
343 1050 447 1113 Glosso
460 1047 631 1112 adverbum
641 1047 929 1130 Nominctim.;cap.
941 1047 1178 1132 Utpriur'lepium

213 1141 270 1216 24,
286 1139 321 1200 de
329 1139 494 1220 privilepl.
1226 1138 1227 1176 l

250 1231 339 1290 6626.
356 1230 451 1290 Nemo
463 1228 572 1309 pariter
581 1233 626 1290 est
635 1225 798 1310 privandus
808 1226 961 1308 sepultura
969 1225 1177 1304 ecclesiastica,
1227 1256 1228 1302 i

213 1314 269 1465 gisi
283 1314 475 1379 interdictum
494 1318 557 1378 tam
570 1315 665 1379 locale
678 1317 771 1399 quarn
786 1315 943 1398 6616611616
957 1314 995 1376 sil
1014 1315 1180 1397 specialiter
1228 1376 1229 1432 1

234 1405 434 1468 enuntiatum.

251 1497 340 1555 6627.
364 1493 468 1557 Clerici
483 1495 627 1558 violantes
640 1495 835 1559 interdictum
855 1494 1021 1558 mortaliter
1036 1503 1178 1576 peccant:
1229 1493 1230 1552 1

211 1589 392 1645 excusantur
413 1589 515 1648 tamen
538 1585 679 1667 parvitate
702 1585 854 1664 materiae,
880 1589 915 1648 ut
938 1583 963 1646 si
985 1593 1181 1648 exerceantur
1230 1611 1231 1682 p

211 1669 380 1734 lunationes
400 1691 469 1754 quae
482 1675 500 1734 a
514 1673 596 1737 lalcis
617 1673 682 1736 ficri
696 1679 839 1756 possunt;
863 1672 972 1736 itemst
991 1671 1075 1735 brevi
1090 1674 1180 1737 relin-

211 1767 304 1842 qualit
318 1762 427 1824 ostium
441 1763 575 1826 eeclesiae
588 1769 739 1845 apertum.¹
1231 1729 1232 1812 l

250 1852 337 1912 6628.
363 1853 542 1918 Exercentes
561 1854 631 1915 verd
649 1851 788 1915 ordinem
810 1869 948 1930 sacrum,
965 1851 1089 1933 quando
1112 1863 1181 1916 sunt
1232 1847 1233 1914 l

211 1939 377 2020 specialiter
391 1941 555 2020 interdicti,
571 1943 616 2003 vel
633 1939 755 2023 quando
769 1941 801 2003 id
814 1940 928 2004 faciunt
941 1942 972 2004 in
987 1941 1053 2002 loco
1066 1944 1181 2024 specta·
1233 1965 1234 2036 l

211 2028 278 2090 liter
292 2029 464 2109 interdicto,
487 2038 538 2094 aut
557 2031 588 2092 in
607 2030 673 2092 loco
696 2030 874 2112 generaliter
893 2029 1066 2105 interdicto,
1079 2033 1182 2110 januis
1233 2037 1234 2048 ³

212 2119 336 2199 apertis,
352 2138 414 2182 non
429 2117 530 2182 solum
550 2119 679 2200 pantes
691 2125 835 2200 peccant,
850 2117 903 2181 sed
917 2117 1007 2181 etiarn
1020 2119 1182 2186 incurrunt

212 2204 469 2270 lrreuularitatem.
485 2209 528 2278 (S.
544 2206 679 2278 Lluuor..
695 2205 746 2270 lib.
762 2211 799 2278 ’1.
813 2225 845 2271 6.
860 2207 943 2276 336.)

255 2299 345 2360 6669.
365 2301 563 2360 admittentes
575 2293 1116 2360 tuicosintcrdictosadolllciadiuina
1128 2307 1190 2355 non

215 2383 346 2466 amplius
362 2383 452 2448 hodie
475 2385 691 2449 interdicuntur
706 2387 744 2448 ab
764 2386 902 2468 ingressu
916 2383 1050 2448 eeclesia
1070 2379 1188 2465 (Coost.

216 2475 317 2556 apost.
333 2473 445 2556 Sedis).

256 2563 396 2645 Religiosi
418 2563 489 2628 verd
501 2565 658 2646 utriusqus
672 2565 773 2639 sexos,
787 2563 841 2644 qui
854 2560 971 2627 violant
982 2561 1191 2635 interdictum,

216 2653 696 2732 excommunicanturipsotaolo.
875 2713 883 2730 ο
1142 2705 1149 2718 ,

256 2739 346 2799 6630.
372 2731 449 2798 Lalci
463 2735 564 2794 autern
578 2727 706 2809 granta
719 2719 847 2804 peccant
859 2731 897 2792 or,
912 2728 974 2774 non
987 2709 1129 2771 obstante
1141 2723 1190 2766 rn-

218 2824 343 2887 terdicto
360 2819 524 2904 personali,
550 2811 695 2895 recipiant
718 2808 924 2878 sacramenta3
939 2799 964 2863 si
977 2795 1056 2899 'vero
1070 2793 1191 2895 tantum

220 2911 331 2978 violent
349 2907 542 2972 interdictum
554 2901 664 2978 locale,
688 2893 838 2962 audiendo
857 2882 1191 2992 v3g3d1nnaofficra,

222 2999 404 3087 probabilius
416 3001 461 3058 est
474 2993 555 3075 ipsos
569 3007 692 3074 peccare
706 2986 825 3049 tanturn
837 2977 1006 3076 venialiter,
1020 2970 1194 3073 durumodo

222 3092 277 3174 ipsi
293 3084 485 3173 personaliter
499 3099 561 3144 nnn
575 3079 633 3142 sint
646 3073 794 3140 interdicti
808 3073 868 3152 lap.
884 3069 915 3131 S.
925 3067 1068 3168 luguen,
1082 3054 1152 3140 16).

261 3183 351 3244 soal.
374 3171 494 3249 Ouoerit.
511 3172 541 3234 l⁰
555 3169 684 3242 Quinam
698 3163 812 3247 possint
826 3155 1016 3222 interdictum
1031 3149 1136 3214 lerro‘l

262 3273 353 3348 Resp.
368 3262 497 3327 Eosdem
509 3277 596 3342 posse
610 3255 661 3338 qni
673 3260 795 3316 ceteras
809 3263 952 3312 censuras
963 3237 1195 3304 interrevalcnt.

225 3361 301 3423 llota
314 3363 414 3417 tamen
427 3349 510 3432 quod
525 3345 638 3410 Praelati
660 3341 812 3422 regulares
829 3335 944 3419 possint
961 3329 1086 3412 quidem
1096 3329 1195 3428 'inter-

226 3445 326 3510 dicere
340 3459 410 3505 suos
423 3437 575 3512 subditos,
591 3450 653 3494 non
668 3437 767 3490 autern
781 3441 851 3488 suas
860 3421 1009 3486 ecclesian
1026 3417 1059 3480 S.
1071 3417 1193 3498 lignos.

238 3531 291 3594 tro.
306 3536 391 3606 nna
404 3529 489 3600 aare
507 3521 650 3585 sciemur
664 3515 730 3592 (6.,
745 3535 776 3594 p.
793 3517 875 3593 aar).
920 3497 946 3536 ⁴
