2462 3984
409 147 495 194 sinna
516 151 649 203 assirius.
971 154 1010 217 95

61 236 155 300 siaa.
179 235 282 302 Etiam
309 239 442 322 legitime
472 247 671 333 interrogatus
693 256 776 320 testis
800 277 861 323 non
888 267 1008 328 tenetur

24 323 211 404 respondere
226 327 258 390 in
273 332 470 412 sequentibus
483 339 623 402 casibus:
638 347 668 404 l·
682 343 706 406 si
721 363 785 409 rem
800 351 873 413 sciat
887 369 923 414 cii
936 372 1006 418 con·

23 407 175 493 lessione;
191 420 226 478 Ξ*
240 417 265 480 si
276 421 391 503 accepit
403 423 461 486 sub
471 435 587 492 secreto
601 433 747 513 naturali,
763 436 821 499 nisi
836 439 1006 509 immineret

21 498 173 567 damnum
187 525 375 590 oominune,
390 512 436 576 iel
452 515 507 578 nisi
524 517 645 584 aliunde
658 541 707 586 res
721 525 796 588 scita
809 525 915 608 fuerit;
929 535 963 596 3ο
979 533 1003 598 si

20 607 55 651 cii
71 595 255 659 testimonio
278 598 335 661 sibi
350 601 395 663 rel
409 606 473 666 suis
494 606 668 673 immineret
688 614 819 678 notabile
836 617 1001 704 damnum,

21 680 74 742 nisi
88 690 200 748 tumen
214 685 362 752 damnum
377 692 551 774 publicum,
566 698 612 761 vel
622 699 770 782 privatum
781 703 915 771 alienum
929 731 1003 794 prae·

19 771 145 850 releret3
172 779 206 836 t·
227 776 252 837 si
267 778 368 842 iiviris
382 799 445 845 non
468 791 513 846 sat
526 785 587 849 tide
600 787 700 871 dignis
722 796 887 876 accepisset
903 815 912 860 τ
928 805 1001 865 tunc

17 861 96 923 enim
112 869 220 946 potest
234 883 267 928 se
280 865 390 932 habere
403 889 440 934 ae
454 871 478 934 si
494 873 568 936 nihil
589 877 696 957 scirel;
712 885 745 944 5·
759 882 783 944 si
798 883 910 948 laetum
923 886 1000 952 didi·

16 949 56 1010 cit
69 970 127 1033 per
143 953 292 1033 injuriam
314 959 477 1040 aperiendo
498 961 625 1044 litteras,
647 970 785 1051 cogendo
798 971 836 1034 ad
850 975 1001 1042 revelatio·

18 1057 100 1120 nem;
125 1045 164 1106 6·
183 1042 210 1106 si
233 1043 415 1128 delinquens
428 1049 459 1112 in
473 1049 551 1118 lacui
568 1073 628 1118 non
647 1061 780 1139 peccavit
793 1062 833 1124 ob
855 1063 1000 1146 ignoran-

16 1128 105 1212 tiam,
121 1131 175 1197 rel
189 1132 286 1200 aliter.
302 1133 378 1201 Vide
391 1139 484 1222 apud.
500 1142 532 1204 S.
548 1143 671 1226 lignos.
686 1147 787 1230 (ibid,
803 1161 837 1213 n⁰
850 1155 937 1236 268).

327 1311 333 1322 '
437 1319 518 1384 ΛΒΤ.
542 1321 590 1387 lll.

369 1463 407 1510 os
426 1465 649 1515 insinuamus.

53 1591 148 1653 5730.
172 1589 404 1654 instrumentum
416 1591 455 1656 de
470 1611 532 1676 quo
552 1593 602 1658 hle
615 1595 715 1678 agitur
729 1604 775 1662 est
796 1601 943 1686 scriptura
956 1606 995 1670 id

14 1679 231 1759 probationem
244 1680 373 1762 alicuius
386 1682 428 1746 rei
442 1683 588 1747 contenta.
995 1735 997 1744 i

54 1769 207 1833 Dividitur
220 1771 251 1833 iii
262 1771 414 1854 publicum
434 1779 466 1837 et
478 1774 633 1856 priuatum
648 1797 657 1840 :
672 1779 756 1860 prius
776 1787 821 1844 est
838 1784 921 1865 quod
937 1803 993 1868 pu·

13 1859 97 1922 blica
107 1859 286 1924 auctoritate
308 1859 421 1926 factam
443 1870 532 1946 atque
552 1863 704 1930 firmatum
727 1875 790 1948 est,
805 1889 876 1934 cum
894 1873 993 1938 debita

13 1948 134 2026 lorine;
148 1950 315 2032 posterius,
331 1951 414 2034 qaod
427 1953 537 2016 talibus
552 1955 776 2020 conditionibus
789 1967 880 2024 caret.

59 2040 151 2100 nist.
173 2039 329 2104 Publiceni
344 2041 454 2124 duplex
468 2049 511 2106 est
528 2063 537 2104 ι
553 2045 746 2125 protocoluni,
762 2048 845 2128 quod
858 2055 904 2112 est
914 2069 993 2114 sum-

15 2127 115 2190 maria
133 2129 309 2210 annotatio,
331 2149 367 2194 eii
381 2133 441 2213 qut
455 2139 559 2214 postca
582 2132 816 2206 instrumentum
831 2137 863 2200 in
883 2139 993 2202 solem·

14 2236 89 2280 nem
112 2217 241 2282 sormam
263 2219 428 2302 redigitur;
451 2227 482 2284 et
509 2230 729 2306 transumptum
750 2242 805 2290 seu
828 2227 995 2312 ipsummet

13 2307 162 2391 originale
175 2309 413 2374 instrumentum
426 2328 464 2374 ex
473 2311 622 2394 protonolo
646 2313 862 2400 desumptum,
885 2319 916 2382 in
931 2339 993 2404 quo

13 2398 105 2479 plene
117 2405 150 2462 et
161 2416 233 2461 cum
245 2397 354 2462 debitis
369 2401 609 2464 solemnitatibus
622 2419 671 2466 res
681 2411 764 2486 gesta
778 2408 950 2497 exponitur;
966 2411 991 2474 si

14 2486 66 2548 fiat
76 2487 266 2570 transcriptio
277 2490 468 2572 transumpti,
484 2491 567 2573 copia
578 2499 710 2556 vocatur.

57 2581 145 2640 5732.
170 2578 321 2641 Privatum
343 2578 542 2643 subdividitur
563 2581 594 2642 in
610 2581 809 2644 authenticum
823 2589 854 2646 et
866 2604 924 2648 non
939 2606 992 2650 au·

17 2667 174 2730 tbcnti'cum
199 2667 433 2731 :autbenticum
454 2675 499 2732 est
521 2669 688 2752 scriptura,
712 2670 826 2752 private
846 2674 991 2760 quidem,

16 2758 137 2820 testium
150 2764 254 2820 tamen
273 2758 472 2840 suscriptione
486 2764 537 2822 aut
558 2757 676 2840 sigillo,
692 2777 791 2843 eoque
805 2764 990 2847 approbato,

16 2854 69 2908 aut
98 2847 158 2911 alio
187 2845 323 2930 legitimo
356 2847 448 2911 modo
480 2848 609 2911 munita.
646 2848 677 2910 Si
698 2846 746 2912 his
769 2853 992 2920 conditionibus

15 2935 160 3018 scriptura
174 2943 293 3016 carcat,
309 2941 343 3000 ut
357 2955 420 2999 non
432 2937 602 3001 authentica
617 2935 754 3002 habetur.
771 2943 916 3014 Ouenasa
930 2947 992 3009 sint

14 3024 214 3090 instrumenta
231 3024 404 3090 audientiae
416 3025 484 3091 vide
496 3027 614 3090 dictum
627 3045 677 3110 ap.
695 3029 801 3110 Bouiri,
819 3032 862 3096 lle
875 3033 989 3113 ludin,

16 3119 88 3176 toni.
105 3121 186 3198 l,p.
201 3119 273 3178 322.
828 3211 834 3224 Ι
939 3213 945 3226 .

60 3225 74 3263 a
93 3205 464 3288 Scripturispublicis,ait
477 3207 596 3272 Cardia.
607 3207 986 3295 Soglie(lnst.1ur.piio.,

16 3313 35 3351 ι
55 3293 72 3374 5
89 3298 390 3375 transmissurus
407 3297 563 3380 scripturn
583 3317 653 3380 que
670 3299 688 3361 a
707 3301 770 3360 llll.
793 3300 986 3402 authentica,

19 3403 35 3441 ι
55 3391 83 3447 et
99 3386 190 3448 etiam
216 3379 416 3450 monumenta
438 3387 558 3470 publica
575 3387 674 3452 iocari
696 3387 822 3488 solent,
835 3407 904 3489 quac
917 3389 988 3454 talia

21 3483 136 3550 nsunt,
159 3474 206 3538 uel
220 3493 260 3539 ex
272 3476 447 3540 auctoritate
465 3475 596 3557 iudicis,
617 3476 661 3540 uti
675 3482 741 3539 acta
757 3475 925 3580 iudicialis,
940 3477 984 3578 val

21 3583 35 3620 i
54 3582 89 3627 eii
109 3565 209 3649 sigillo
222 3564 397 3632 authentico
409 3584 472 3649 quo
491 3565 703 3648 obsignantur,
718 3564 808 3628 veluti
829 3567 984 3651 Episcopi,
