2548 3988
480 227 567 273 tiana
587 225 718 273 suanos.
1027 210 1085 274 atu

152 329 244 389 6373.
260 325 712 392 5⁰Dividuntuninoensurasad
724 333 836 410 tempus
846 325 1083 397 determinatum,

111 421 142 479 et
151 415 182 478 in
193 435 337 480 censurae
346 415 384 479 ad
395 425 507 500 tempus
517 415 788 478 indeterminatum.
802 415 883 479 Nota
892 422 993 478 tannen
1004 414 1088 498 quod

111 521 249 568 sensuras
263 505 302 568 ad
324 512 446 588 teinpus
463 504 697 568 determinatum
709 523 771 567 non
787 505 847 568 sint
865 523 1001 568 censuras
1017 524 1088 587 pro·

110 593 178 675 prio
196 592 284 657 dieta
300 615 309 656 z
324 612 432 658 omnes
449 595 533 658 enim
556 611 693 657 censuras
713 593 835 677 propria
852 592 965 672 diotae,·
984 599 1089 676 utpote

112 681 323 762 medicinales,
342 681 452 747 durare
465 682 576 746 debent
593 701 691 765 usque
713 683 749 746 ad
769 681 813 745 rei
823 681 1087 760 emendationem,

113 769 241 854 proinde
255 777 327 834 sunt
340 773 510 836 necessario
523 771 561 835 ad
575 779 695 854 tempus
714 770 1000 850 indeterminatum
1020 791 1090 836 een-

113 877 192 924 surae
206 862 277 924 veno
288 879 357 944 quae
369 861 506 925 feruntur
518 861 555 924 ad
572 868 691 944 teinpus
703 860 951 939 determinatum,
963 862 1009 924 vel
1020 880 1089 944 quaa

113 955 184 1012 sunt
194 947 224 1010 in
232 957 425 1032 perpetuum,
436 957 507 1014 sunt
516 950 806 1033 poenaevindioativae
814 968 867 1013 seu
875 966 967 1012 iuerae
978 969 1087 1032 poenae,

114 1055 178 1101 non
192 1039 264 1102 uero
281 1057 380 1122 poeuae
399 1039 605 1102 medicinales.
624 1041 773 1103 Caeterum
793 1055 952 1120 nunquam
970 1057 1090 1102 excom·

114 1125 279 1189 municatio
297 1125 392 1190 fertur
405 1127 444 1192 ad
464 1135 584 1210 teinpus
597 1128 846 1204 determinatum,
864 1123 911 1189 vel
932 1128 964 1190 in
985 1147 1089 1211 perpe·

114 1221 203 1279 tuum
219 1233 226 1276 ε
242 1215 294 1278 sed
311 1216 382 1279 soiae
397 1218 612 1299 suspensiones
630 1215 675 1279 vei
692 1215 848 1280 interdieta
869 1215 912 1278 sio
926 1216 1089 1298 aliquando

115 1301 266 1368 teruntur.
279 1304 366 1385 (Vide
380 1305 535 1380 Stremler,
548 1305 607 1369 Des
614 1306 716 1390 peiaes
728 1305 841 1386 eccles,
853 1324 884 1388 p.
897 1305 981 1387 178.)

568 1487 643 1570 su.

368 1621 394 1688 A
410 1641 468 1706 quo
480 1641 608 1686 cenwroe
619 1621 699 1705 ferri
709 1620 834 1706 possint.

157 1777 248 1840 6374.
270 1777 324 1838 Est
341 1776 423 1838 cette
443 1754 475 1837 in
497 1773 632 1837 Ecclesia
652 1779 781 1856 potestas
801 1791 945 1836 censuras
966 1779 996 1836 et
1017 1771 1090 1836 alias

119 1883 225 1948 poenas
237 1863 364 1942 ferendi,
379 1869 409 1927 et
421 1863 480 1926 hoe
493 1869 538 1926 est
550 1861 589 1925 de
602 1860 662 1925 fide
671 1909 680 1940 ‚
690 1869 781 1945 prout
794 1862 986 1944 probavimus
1000 1881 1090 1944 supra

119 1955 340 2035 (oasa-5505).
355 1953 439 2016 itaS.
455 1952 577 2034 Liguon.
592 1951 654 2032 (lib.
669 1955 701 2031 7,
716 1954 751 2013 n⁰
760 1953 789 2030 9)
801 1968 837 2012 ex
847 1951 961 2014 Concil.
973 1951 1089 2029 Consu,

118 2061 193 2106 sess.
209 2047 247 2120 8,
262 2061 321 2107 err.
337 2045 372 2120 33
385 2048 416 2106 et
429 2041 523 2105 Buliis
535 2039 655 2104 Martini
669 2041 696 2102 V
710 2045 740 2103 et
752 2039 862 2102 Leonis
874 2043 913 2102 X.

156 2127 191 2190 ln
208 2124 392 2209 quibusnam
413 2127 514 2186 autem
532 2118 661 2182 resideat
679 2117 745 2181 haeo
764 2116 900 2193 incultas,
924 2113 1090 2178 dicendum

117 2221 183 2280 est:
197 2215 279 2298 quod
289 2233 351 2278 non
363 2212 491 2276 resideat
507 2209 562 2272 nisi
577 2208 608 2270 in
619 2208 655 2270 iis
664 2211 716 2290 qui
726 2207 966 2288 iurisdietionem
983 2205 1012 2267 in
1023 2203 1090 2286 soro

118 2315 238 2370 auterno
260 2305 321 2367 sive
342 2303 524 2366 ordinariam
547 2300 609 2362 sive
638 2297 806 2378 delegatam
827 2295 980 2378 possident
1008 2302 1088 2376 (cap.

122 2395 194 2460 cam
215 2395 253 2458 ab
275 2394 479 2457 Baetasiorum
501 2394 531 2466 3,
551 2388 587 2451 de
604 2390 699 2470 officio
707 2387 823 2470 judicis
837 2385 956 2462 ordio.;
978 2395 1008 2446 et
1021 2401 1089 2465 cap.

121 2487 284 2556 Praetereo,
301 2484 334 2545 de
350 2484 441 2564 officio
449 2479 565 2565 judicis
578 2478 727 2559 delapsu).

159 2579 249 2642 63⁷5.
260 2573 447 2636 ordinariam
455 2572 525 2636 vero
534 2574 708 2653 potestatem
718 2566 831 2628 habent
843 2570 874 2629 i·
882 2565 961 2646 Papa
970 2567 1000 2626 et
1010 2561 1091 2623 Con·

118 2663 222 2728 cilium
230 2663 371 2748 generale
381 2667 518 2744 respectu
527 2660 618 2722 totius
631 2657 772 2720 Ecclesiae
781 2678 789 2732 3
798 2659 831 2719 2⁰
839 2651 1093 2736 Congregationes

122 2747 289 2822 Romana,
312 2751 346 2808 ut
368 2743 510 2818 Consilii,
536 2743 567 2804 S.
591 2745 707 2818 Omont,
729 2739 870 2821 Episcop.
889 2745 920 2802 et
941 2739 1097 2822 Regulos„

124 2841 197 2914 eto,
212 2852 281 2918 quoe
296 2833 385 2896 etiam
401 2849 456 2913 pro
469 2830 609 2894 universa
627 2827 761 2892 Ecclesia
774 2846 919 2891 censuras
931 2827 1009 2892 ferre
1027 2847 1098 2912 pos·

123 2930 196 2986 sunt
222 2923 253 2985 in
274 2922 310 2985 iis
331 2939 401 3004 qoae
423 2919 479 2982 sibi
508 2918 670 3000 respective
692 2917 895 2982 attribuuntur
924 2918 1097 2998 (Stremlea,

123 3011 184 3075 Des
197 3010 298 3074 Peiaes
311 3009 423 3086 eccle'a„
444 3028 478 3091 p.
494 3011 577 3087 tutu
593 3011 625 3070 3⁰
640 3006 742 3090 Legati
756 3006 918 3089 apostolici
933 3007 965 3068 in
978 3007 1098 3069 territo·

125 3100 173 3160 rio
187 3099 260 3180 ipsis
272 3099 423 3181 assignato
442 3101 520 3180 (oap.
535 3097 630 3160 Novit
643 3101 678 3175 Ἷ,
692 3095 728 3158 de
740 3095 821 3178 offic.
841 3095 978 3178 Leqott);
992 3099 1025 3156 i·
1040 3096 1097 3156 Pa-

126 3186 265 3250 taiarohae
291 3193 323 3251 et
346 3187 569 3270 archiepiscopi
601 3192 740 3268 respectu
761 3185 880 3247 tantuna
907 3182 1098 3246 subditorum

127 3276 258 3362 propriae
270 3275 424 3356 diaecesis,
439 3295 501 3340 non
520 3277 592 3339 vero
606 3275 735 3338 aliorum
748 3273 1025 3354 suffraganeorum,
1039 3271 1097 3336 nisi

127 3373 266 3450 tempore
279 3365 475 3444 visitationis,
493 3371 547 3429 aut
565 3365 623 3428 nisi
638 3383 692 3447 pei·
711 3362 944 3446 appeliationem
955 3377 1045 3423 causa
1059 3361 1098 3424 ad

125 3457 208 3540 ipsos
221 3454 395 3519 devolvatur
408 3459 487 3538 (cap.
511 3452 744 3530 venerabilius,
758 3450 794 3514 de
807 3457 883 3513 seat.
896 3467 1049 3529 cecorum„
1064 3451 1097 3514 in

124 3547 186 3626 6⁰);
202 3549 235 3609 5ο
252 3544 396 3629 Episcopi
412 3550 550 3626 respectu
569 3543 681 3626 pariter
700 3539 910 3617 subditorum,
928 3537 1096 3604 dummodo

125 3635 187 3698 sint
197 3633 380 3714 confirmati,
395 3641 460 3696 esto
474 3651 536 3696 oon
549 3629 715 3697 comessati
725 3628 804 3712 (esp.
823 3627 1045 3706 Troiuminnm,
1061 3629 1096 3694 de

1248 1 1259 150 [i
