2466 4258
331 183 518 229 rxsvrnrnn
540 181 745 228 tununronnu.
970 162 1043 224 illi

82 301 104 347 3·
117 299 261 348 tosolvendi
284 301 608 363 qnosenmqnepoeniteutes
625 299 746 364 (exeeptis
768 297 892 350 baeretieis
911 297 1027 361 publicis.

51 371 101 419 sire
122 371 216 434 publici
227 371 474 433 dogmatizantibus).
488 371 504 420 d
517 371 645 434 quibusvis
663 371 803 429 sententiis,
819 371 930 421 eensmis
942 375 966 419 rt
980 385 1029 434 pse·

51 443 88 490 nis
104 443 278 493 ecclesiasticis
294 443 399 494 iuorrrsis
413 445 444 494 ob
456 443 577 503 haereses,
588 443 638 492 tirn
653 443 752 494 nemine
762 443 877 494 audiente
888 443 928 493 vel
942 445 1028 492 sdver-

51 518 123 574 trnte,
136 514 210 576 quim
222 528 305 564 coram
315 514 372 564 aliis
385 518 533 568 externatns.
547 515 579 564 ob
591 514 761 565 inlidelitetem
774 519 800 565 et
813 515 940 568 eatbolieoe
961 516 1027 566 iidei

49 586 224 648 abjurationem
236 587 334 649 private
345 585 473 650 admissas,
486 586 612 649 sortilegia
625 585 785 637 nemetensis
797 586 941 638 etiamtum
957 587 1029 638 soniis

48 660 149 720 patrate,
164 671 260 707 necnon
274 659 306 706 ob
317 659 435 712 demonis
451 657 630 708 invocationem
645 671 703 708 eant
715 662 788 721 paeto
803 660 909 708 donandi
923 659 1029 709 animam

48 731 120 792 eique
133 729 269 792 prestitam
291 729 454 779 idololatriam
467 743 495 778 ae
507 729 698 793 superstitiones
708 728 839 789 exercitas,
850 743 880 780 ae
889 731 987 780 demum
998 732 1029 780 ob

46 814 210 864 quecumque
219 800 342 851 insinuata
358 801 422 850 isles
433 801 548 865 dogmata
566 801 674 850 incursis
687 805 833 865 ;postquam
849 810 934 852 tamen
948 802 1029 864 poeni·

46 878 102 922 tens
115 873 255 934 complices,
271 873 292 922 si
316 886 378 936 qnos
392 873 490 934 habeut,
506 882 578 936 prout
593 873 626 922 de
646 872 703 936 jure
722 872 914 933 denuntiaverit,
930 881 955 924 et
968 889 1029 937 qua·

45 950 118 994 tenus
138 945 169 993 ob
177 943 257 1006 justas
277 957 363 995 musas
378 949 485 1010 nequent
496 947 554 996 anie
568 945 748 996 absolutionem
764 946 924 1006 denuntiare,
939 946 1029 996 laetari

44 1015 180 1080 poenitente
194 1016 261 1066 serit
280 1015 446 1080 promissione
463 1014 674 1066 denuntiationem
695 1017 831 1081 peragendi
851 1017 907 1068 edm
921 1017 1029 1080 primum

43 1093 69 1138 et
81 1085 180 1137 meliori
191 1089 262 1137 modo
275 1100 325 1150 qno
340 1086 395 1138 lieri
411 1088 520 1152 poterit;
536 1092 562 1139 et
574 1092 705 1152 postquem
718 1088 744 1138 in
759 1089 863 1153 singulis
877 1090 976 1140 essibus
990 1104 1029 1140 ro·

43 1172 96 1210 ram
109 1159 256 1210 absolvente
273 1159 384 1210 hareses
397 1161 496 1210 secrete
511 1159 684 1224 aijrraverit;
710 1163 736 1212 et
758 1165 856 1223 paetum
870 1173 927 1210 eum
952 1161 1031 1212 mele-

43 1232 110 1281 dieto
127 1231 241 1281 demone
265 1229 351 1279 initum
370 1229 487 1293 expresse
503 1229 661 1292 revoeaverit,
687 1230 777 1282 tradiit
801 1231 883 1282 eidem
896 1232 1031 1284 absolventi

44 1303 179 1366 singrspbo
192 1303 274 1352 forsan
289 1305 400 1361 exarato,
412 1301 519 1365 aliisque
530 1301 617 1353 mediis
627 1301 814 1365 superstitiosis,
826 1303 952 1354 adomnia
966 1318 1031 1354 eom·

42 1377 158 1424 burenda
180 1387 223 1423 seu
242 1374 411 1424 destruenda:
428 1372 544 1436 injuncti
558 1387 601 1437 pro
619 1373 692 1424 modo
706 1387 854 1426 mensuum
872 1377 940 1440 gravi
953 1377 1031 1440 proni·

43 1447 126 1496 tentia
152 1443 257 1496 salutari
275 1459 332 1496 eum
347 1445 489 1508 trequentib
505 1450 726 1506 sacramentorum,
740 1451 765 1496 et
777 1447 930 1512 obligatione
945 1463 977 1499 se
987 1463 1031 1500 re·

43 1516 169 1566 tractandi
186 1519 249 1580 apud
271 1531 390 1580 personas
403 1530 487 1567 eoram
502 1517 591 1580 quibus
604 1519 710 1568 naereses
724 1518 901 1580 manifestavit,
916 1521 941 1570 et
961 1533 1030 1584 repa·

43 1589 118 1640 randi
131 1588 199 1639 illata
219 1590 347 1639 srandala.

75 1668 101 1718 4·
119 1668 268 1720 Absolvendi
283 1672 296 1718 i
310 1668 425 1718 sensuris
438 1667 546 1720 incursis
574 1669 606 1719 eb
628 1669 788 1720 violationem
802 1669 923 1724 clausura
935 1673 1030 1736 regula·

42 1741 110 1791 rium
123 1740 254 1803 utriusque
265 1740 348 1800 sexus,
376 1740 508 1788 dummodo
520 1753 571 1788 nnn
583 1738 657 1789 buerit
671 1740 801 1790 eornmissa
817 1755 876 1792 enm
890 1743 1031 1796 intentione

41 1814 74 1862 ad
92 1813 189 1862 melum
206 1813 288 1870 linem,
299 1811 372 1860 etiam
391 1811 479 1861 ellectu
503 1823 550 1861 non
562 1813 653 1870 secuto,
676 1823 722 1860 nee
744 1824 815 1861 casus
848 1813 940 1864 luerint
952 1817 983 1864 ad
994 1818 1031 1866 t‘o·

41 1899 100 1935 rum
120 1883 245 1936 ordinarit
258 1883 366 1940 deducti,
382 1896 437 1932 eum
464 1881 572 1946 congrui
586 1881 732 1945 poenitentii
756 1880 867 1932 salutari.
882 1885 911 1934 nt
931 1885 1033 1948 insuper

39 1955 191 2006 absolvendi
202 1954 318 2004 mulieres
342 1953 437 2004 lentim
454 1956 469 2002 a
484 1953 599 2004 eerrsuris
613 1956 639 2004 et
652 1954 732 2017 pranis
748 1953 925 2004 ecelesiasticis
937 1957 968 2006 ob
982 1957 1032 2006 vin·
1064 1963 1068 1970 ’

41 2030 167 2078 lationem
185 2027 216 2074 ud
233 2027 324 2074 melum
342 2023 418 2076 tinem
443 2028 562 2074 clausura
579 2023 688 2074 virorum
717 2023 890 2088 religiosorum
915 2025 1030 2088 incursis,
1057 2025 1060 2030 '

40 2099 182 2152 dummodo
198 2102 280 2147 nmen
304 2109 376 2146 casus
396 2096 489 2146 oeculti
513 2099 667 2156 remaneant,
680 2093 792 2158 injuncta
805 2095 872 2159 mavi
887 2097 1032 2158 poenltentit

39 2171 159 2230 solutari,
175 2183 230 2218 oum
245 2165 413 2231 prohibitione
420 2166 554 2218 secedendi
569 2168 600 2216 nd
613 2165 744 2217 ecelesiam
758 2171 801 2216 aut
813 2172 971 2232 renuentum,
987 2183 1032 2222 seu

39 2242 189 2297 coenobium
203 2240 325 2290 diriorum
340 2239 526 2304 religiosorum,
544 2239 648 2290 durante
663 2239 794 2290 oemsione
809 2241 937 2302 percandi.

72 2316 102 2364 5⁰
115 2311 264 2364 Absolvendi
278 2311 418 2370 ioeusuris
439 2312 471 2362 ob
486 2311 652 2360 retentionem
665 2313 691 2360 st
706 2308 836 2360 lectionem
845 2311 962 2362 librorum
977 2326 1033 2375 pro·

37 2389 182 2438 lribilorum
198 2383 313 2438 ineursis.
322 2383 433 2444 injnnelt
444 2385 551 2448 congrui
561 2381 704 2445 penitentia
715 2381 814 2430 salutari
828 2395 835 2440 l
849 2395 944 2432 necnon
961 2381 1033 2435 ilrms

36 2457 196 2523 obligatione
213 2454 328 2506 tradendi
340 2460 412 2516 prout
424 2454 529 2515 dejure,
539 2454 594 2504 sive
606 2467 649 2516 per
663 2466 699 2512 se,
715 2453 766 2502 sive
782 2466 828 2515 per
840 2453 926 2512 alium,
939 2457 1033 2518 absque

36 2535 90 2583 ullu
113 2541 191 2586 more,
202 2531 236 2584 et,
253 2530 372 2590 qnantum
387 2525 441 2576 lieri
454 2526 540 2587 possit,
561 2529 618 2576 ants
643 2523 823 2574 absolutionem
837 2525 1033 2590 librosprobibi·

36 2611 85 2662 tos,
105 2613 169 2662 qnos
180 2598 303 2661 poenitens
317 2596 342 2646 iu
356 2597 532 2660 estpotestate
545 2597 660 2648 retineat.

69 2676 98 2722 6·
118 2668 271 2720 absolvendi
282 2669 296 2718 i
309 2683 367 2718 orsu
381 2667 438 2718 Sesti
460 2667 607 2730 ltposteliere
622 2665 749 2718 reservato
772 2668 804 2718 ob
814 2671 916 2734 aeeepta
929 2683 1033 2722 munera

36 2749 49 2796 d
70 2742 237 2806 regularibus
247 2739 376 2804 utriusque
387 2740 472 2802 sextis,
484 2739 596 2802 injuncti
608 2738 756 2803 poenitentia
765 2739 882 2804 salutari,
900 2745 925 2792 et
934 2743 1035 2804 quando

36 2817 131 2881 egitur
140 2814 171 2863 de
185 2811 399 2874 muneribusque
419 2812 527 2862 valorem
549 2811 634 2862 desem
645 2817 770 2860 seniorum
786 2824 837 2860 non
848 2814 977 2874 excedent,
988 2815 1033 2864 im-

36 2887 123 2942 oositri
138 2883 222 2946 aitqut
232 2882 389 2946 eleemospnt
399 2881 548 2932 absolventis
558 2881 652 2944 judicio
665 2879 772 2930 urenda
787 2886 812 2930 at
823 2885 896 2934 eante
909 2887 1033 2950 erogandi

36 2967 95 3014 :um
111 2955 366 3020 primumporsritr'n
380 2953 528 3004 bonellcium
550 2951 689 3017 Religionis
712 2961 754 3004 aut
781 2957 916 3005 conventis
939 2958 980 3006 eui
996 2957 1031 3006 la·

36 3032 136 3082 alenda
156 3035 223 3079 esset
241 3027 379 3082 restitutio:
397 3025 528 3074 dnmmodo
539 3033 622 3074 mmen
635 3037 684 3074 non
695 3029 791 3077 constet
805 3027 872 3089 quod
887 3028 929 3077 illa
942 3029 1034 3079 luerint

36 3108 66 3152 le
81 3099 163 3150 bonis
178 3099 283 3161 propriis
295 3097 429 3162 Religionis
442 3113 449 3156 ;
462 3098 585 3158 quatenus
601 3109 658 3146 vero
680 3103 782 3160 accepta
794 3113 907 3158 munera,
924 3103 962 3150 vel
978 3103 1033 3152 iue-

37 3176 87 3222 ·int
101 3170 173 3217 ultre
186 3169 293 3218 valorem
307 3167 534 3226 santorumdeeem
546 3168 586 3216 vel
602 3170 785 3221 eonstetluisse
795 3173 826 3222 de
841 3173 912 3222 bonis
928 3173 1033 3236 propriis

36 3239 192 3305 Religionis,
217 3240 283 3288 laeta
299 3239 367 3300 prids
385 3239 551 3300 restitutione,
567 3253 649 3302 quam,
678 3241 700 3290 si
715 3241 746 3291 de
765 3245 882 3304 presenti
897 3244 1033 3306 adimplere

36 3313 162 3376 ‚equenb
175 3309 266 3358 emissi
284 3309 348 3357 serit
361 3309 525 3371 promissione
538 3311 685 3360 restituendi
711 3312 777 3362 intra
791 3314 925 3365 terminum
951 3317 1031 3366 ubsol-

36 3385 123 3438 rentis
137 3379 239 3430 arbitrio
253 3377 441 3442 preterendum
455 3393 462 3440 ;
476 3380 539 3428 aliis
553 3383 600 3430 snb
612 3381 784 3434 reineidentit.

62 3461 92 3508 Ἰ·
108 3451 263 3504 Absolvendi
277 3451 415 3502 ieensuris
430 3457 455 3500 et
470 3451 552 3516 pronis
560 3454 736 3505 ecelesiasticis
748 3471 792 3507 eos
812 3457 855 3522 qut
881 3461 956 3510 sertis
969 3459 1032 3510 vetl-

140 3591 166 3635 r.
183 3590 225 3638 tv,
897 3577 950 3638 22*
