2462 3984
160 159 217 226 tar
376 172 516 223 urucam
535 169 638 220 rorrus
658 167 740 218 runis
761 165 909 216 coroner.

157 270 373 354 approbatione
394 269 463 332 data
482 265 750 333 constitutionibus
763 264 919 328 Societatis
940 267 1052 330 Iesub
1077 271 1138 332 SS.

157 361 353 424 Pontificibus
362 361 456 422 Paulo
469 361 523 438 ΙΙΙ,
534 357 614 421 Iulio
629 358 666 417 ΙΙΙ
680 362 710 418 et
719 355 851 418 maxime
862 357 881 417 d
894 357 1038 439 Gregorio
1052 361 1140 442 XIII,

158 469 213 533 per
225 449 343 512 Bullam
356 447 532 512 Ascotdeote
546 448 577 509 iu
592 447 652 527 qua
666 443 970 508 excommunicantur
982 447 1035 528 qui
1053 467 1140 529 prae·

158 538 233 601 lates
254 539 488 601 Goirstitutiones
510 537 700 617 impugnant.
725 533 830 610 Porro,
846 533 944 616 inquit
958 535 990 597 S.
1007 537 1135 618 liguor„

159 628 241 708 (it),
254 627 388 691 Ecclesia
397 645 458 689 nou
469 631 566 708 potest
575 643 677 686 errore
687 623 717 684 io
727 621 936 704 approbativae
944 625 1135 707 Relipionurs

159 727 189 782 et
200 737 321 780 sucrum
333 716 512 800 aequiorum.

200 809 288 870 5818.
316 829 331 866 o
354 806 488 869 Advertit
499 811 600 868 tamen
611 808 756 866 Pataus...
773 803 856 884 quod
865 803 932 866 talis
944 805 1143 874 denuntiatio

160 921 175 957 o
200 916 262 960 non
282 896 333 959 dat
346 901 522 978 potestatem
541 892 751 956 manifestandi
773 893 917 956 delictum
937 895 1061 960 alterius
1077 901 1143 963 nisi

160 1011 175 1048 o
201 989 232 1050 in
245 1006 317 1050 casu
331 985 424 1049 dubio
447 984 485 1046 de
499 982 746 1046 emendationes
763 982 788 1044 si
807 989 924 1046 constet
936 983 976 1047 de
989 990 1144 1052 emenda-

160 1099 175 1136 υ
201 1079 283 1138 tione
296 1083 326 1138 et
340 1075 458 1138 nullum
473 1075 512 1135 sit
527 1073 697 1154 periculum
711 1070 880 1148 relabendi,
896 1074 979 1136 recte
993 1077 1144 1157 probabi.

161 1187 175 1224 u
201 1166 259 1228 lius
272 1171 375 1227 censet
397 1182 458 1225 non
473 1179 561 1245 posse
580 1162 698 1224 crimen
720 1159 829 1222 deferri
849 1161 887 1224 ed
905 1166 1141 1246 superiorem..;

165 1279 177 1315 r
202 1259 310 1337 praeter
323 1271 358 1316 ea
372 1253 532 1315 advertit...
548 1249 631 1333 quod
645 1249 787 1332 praedieta
800 1250 895 1313 cessio
908 1253 957 1330 (ex
971 1261 1055 1335 parte
1070 1259 1143 1321 reli·
1228 1327 1229 1330 Ἴ

160 1365 175 1402 o
202 1345 371 1428 giosorum)
401 1342 436 1404 lit
465 1348 498 1403 ut
522 1341 638 1403 crimen
662 1338 809 1401 reveletur
835 1340 961 1404 Prrelatc
988 1349 1142 1428 tanquam

163 1461 177 1496 o
202 1436 293 1518 patri,
316 1452 378 1496 ncn
400 1433 471 1495 verb
483 1437 628 1511 tanquam
649 1427 754 1508 judici.
774 1447 790 1486 u
809 1429 856 1510 (S.
874 1429 1008 1512 lignun,
1028 1435 1084 1499 lib.
1099 1443 1142 1519 I,

163 1537 197 1592 n⁰
210 1529 287 1601 tlt,
301 1542 394 1606 quer.
410 1524 470 1600 I0.)

202 1618 291 1679 5819.
315 1613 436 1686 Querit.
460 1615 492 1672 2⁰
516 1611 574 1685 An,
594 1608 669 1670 tacta
688 1606 917 1672 denuntiatione
940 1615 1137 1697 evangelice.

163 1705 300 1786 superior
327 1702 419 1784 possit
446 1705 593 1780 tanquam
615 1696 708 1776 judex
736 1695 891 1778 inquirere
914 1705 946 1764 ct
970 1705 1144 1784 procedere

164 1801 267 1858 contra
278 1789 511 1854 denuntiatum?

204 1886 293 1964 Hesp.
307 1881 361 1944 Vel
377 1879 521 1942 delictum
535 1881 580 1940 est
593 1875 748 1939 occultum
762 1883 792 1940 et
804 1879 918 1942 nemini
933 1881 1060 1947 noxium
1078 1888 1144 1952 nisi

163 1971 370 2054 delinquenti,
393 1968 440 2031 vel
462 1975 507 2030 est
528 1965 700 2036 notorium,
726 1971 778 2028 aut
799 1968 904 2030 saltem
924 1977 1145 2042 communitati

163 2063 208 2124 vel
227 2061 314 2124 tertio
327 2058 556 2142 perniciosum:
577 2055 610 2116 in
629 2055 829 2136 primocasu,
853 2058 1017 2138 procedere
1031 2067 1148 2148 nequit

164 2150 301 2230 superior
322 2156 355 2210 ut
372 2147 464 2226 judex
478 2150 583 2207 contra
601 2143 828 2226 delinquentem
850 2146 906 2208 nisi
927 2149 1061 2229 crimen,
1083 2175 1147 2236 per

164 2239 241 2301 duos
263 2242 353 2299 testes
372 2235 497 2310 saltem,
513 2231 633 2313 probari
650 2239 752 2314 posset
767 2251 848 2314 :quo
867 2235 896 2296 in
918 2254 1006 2315 casu,
1021 2239 1059 2303 dc
1074 2263 1146 2325 quo

164 2327 347 2408 disputatur,
369 2325 459 2386 etiam
479 2320 663 2402 probabilius
684 2328 728 2382 est
748 2322 829 2402 qudd
850 2325 987 2405 superior
1006 2342 1147 2411 nequeat

164 2413 327 2498 procedere
349 2417 385 2476 ut
400 2411 518 2492 judex:
540 2407 622 2472 unde
642 2409 757 2471 licitum
776 2429 839 2472 non
859 2421 936 2476 esset
963 2415 994 2478 in
1013 2421 1145 2500 praefata

163 2502 321 2586 hypothesi
334 2503 448 2566 crimen
464 2497 635 2580 evangelice
648 2497 829 2562 denuntiare
843 2503 1002 2584 superiori,
1018 2509 1041 2569 si
1056 2529 1145 2590 prae-

163 2591 402 2674 videreturqudd
412 2591 466 2652 iste
476 2588 597 2652 deberet
605 2587 714 2650 exinde
726 2589 853 2652 transire
862 2591 899 2653 ad
909 2592 1144 2676 inquisitionem

162 2681 322 2762 juridicam
336 2679 504 2758 (Stremler,
522 2679 579 2740 Des
597 2677 702 2744 Peioes
714 2677 884 2752 coelestem,
900 2701 930 2763 p.
947 2687 997 2762 92)
1011 2687 1084 2768 quia
1101 2709 1144 2755 ex

164 2773 225 2834 unt
234 2778 317 2853 parte
326 2768 443 2852 punitio
449 2766 651 2848 delinquentis
661 2784 722 2828 non
737 2773 781 2828 est
791 2771 958 2833 necessarIe
971 2771 1010 2834 ad
1020 2775 1143 2842 bouum

164 2876 343 2936 commune,
365 2855 487 2938 quando
504 2855 621 2917 crimen
645 2873 707 2917 non
728 2861 773 2918 est
792 2856 963 2938 publicum,
979 2877 1036 2926 neo
1055 2883 1144 2930 com.

165 2949 303 3012 munitati
317 2946 363 3008 vel
374 2946 462 3007 tertio
475 2944 616 3021 noxium;
627 2948 703 3008 etex
713 2943 786 3022 otia,
800 2944 981 3030 delinquens
987 2951 1144 3030 jushabet

165 3036 203 3100 ad
217 3034 393 3100 servandam
407 3051 493 3096 suem
506 3032 629 3096 lamam.
647 3033 690 3112 (S.
707 3033 843 3115 Liguor„
861 3035 913 3097 lib.
926 3042 965 3116 t,
977 3045 1106 3124 mill.)
1163 3100 1167 3114 ,

205 3129 295 3190 5820.
317 3127 352 3188 lu
375 3122 499 3206 praefato
520 3140 594 3185 casu
616 3122 753 3203 superior
780 3124 889 3204 poterit
908 3125 1141 3211 delinquentem

165 3217 244 3280 olam
257 3230 396 3290 monere,
413 3212 570 3292 Injungere
583 3211 610 3274 ei
625 3211 830 3292 poenitentIem
844 3221 989 3278 secretum
1002 3237 1143 3306 cumque

166 3306 257 3367 etiam
270 3319 409 3366 amovere
423 3301 461 3362 ab
473 3300 573 3362 otbcio
593 3299 743 3362 amovibili
758 3307 810 3364 aut
827 3303 846 3364 la
864 3313 1029 3386 conventu,
1045 3312 1143 3376 modd

166 3411 204 3454 ex
216 3391 275 3454 hcc
288 3392 370 3454 nulla
384 3391 410 3452 ei
425 3389 564 3453 obveniat
576 3388 710 3451 infamio.
727 3391 840 3453 Poterit
852 3391 961 3457 deinde
974 3397 1013 3459 ad
1025 3400 1084 3463 alia
1094 3420 1142 3465 ne·

168 3479 268 3542 media
284 3479 425 3542 devenire
446 3478 520 3559 quin
537 3484 639 3540 tamen
653 3478 833 3556 judIcialiter
855 3483 997 3563 procedat
1011 3507 1020 3548 :
1036 3497 1141 3571 posset

170 3581 280 3644 nempe
299 3565 328 3626 ei
346 3565 539 3646 prescribere
557 3566 697 3628 exercitia
716 3565 881 3646 spiritualia
899 3571 930 3632 in
950 3573 1052 3652 aliquo
1069 3595 1137 3642 mo·
