2462 3984
204 249 256 313 tas
416 265 553 314 nanuum
572 267 674 316 rorrus
693 268 774 316 rums
795 267 945 320 canonici.

199 386 213 424 a
239 364 319 427 modi
332 382 418 428 exeo
433 364 516 446 qudd
533 365 664 428 nonfuit
687 365 726 429 de
744 366 868 429 intumit
887 363 1028 448 primitus
1043 365 1153 450 inquid«

199 473 213 512 i
238 459 319 530 tum,
332 454 458 517 ulterius
472 453 650 536 impugnare
666 455 844 538 nequibis.»

238 545 326 605 5867.
343 543 429 616 Quod
439 550 540 606 auum
551 543 661 607 dicitur
670 544 708 607 dc
717 543 1047 626 duarumpraeiatarum
1057 546 1156 609 [orma-
1207 627 1208 630 Ἴ

202 629 313 694 litatum
328 632 501 709 omissione,
516 633 719 696 communiter
740 633 911 697 extenditur
924 638 941 696 a
956 635 1156 698 canonistisad
1207 647 1208 686 t

200 726 373 784 caeterarum
388 721 595 784 omissionem.
610 721 687 783 Vide
702 723 797 785 Bouix
807 722 874 802 tid„
890 743 920 804 p.
938 727 1017 802 tur).

238 811 328 872 5868.
352 811 432 873 Nota
446 809 529 891 qudd
540 811 563 871 is
573 815 677 872 contra
687 810 826 891 quemiit
834 811 972 892 specialis
987 812 1156 888 informatio,

200 896 337 960 inhabilis
351 907 411 976 est,
427 897 555 961 durante
574 897 795 974 informatione,
811 899 849 962 ad
864 899 1072 981 recipiendum
1089 900 1156 962 ordi·

199 1004 272 1064 nes,
287 987 405 1066 officia,
420 986 566 1050 beneficia
580 993 609 1050 et
622 985 780 1068 dignitates
794 987 1021 1050 ecclesiasticas.
1046 991 1111 1052 Non
1123 997 1157 1052 ast

200 1080 298 1138 tamen
312 1078 350 1138 ad
371 1095 407 1138 ea
427 1075 619 1156 ineligibilis‚
635 1077 691 1138 nisi
705 1077 767 1155 jam
781 1075 885 1138 suisset
906 1077 1091 1140 infamatus:
1107 1097 1157 1142 non

200 1164 279 1226 anim
302 1165 411 1228 sufficit
430 1165 593 1227 diffamatio
615 1163 782 1246 procedens
804 1183 841 1226 ex
861 1165 924 1226 sotii
939 1165 1156 1230 informatione:

198 1259 297 1332 posset
319 1261 421 1316 autem
444 1253 587 1334 suspendi
610 1254 647 1315 ad
670 1261 790 1336 tempus
813 1253 913 1336 quoad
935 1254 1158 1318 celebrationem

198 1339 296 1402 missae
310 1349 361 1404 aut
374 1343 447 1404 alias
459 1342 647 1420 functiones,
663 1343 701 1404 ad
716 1342 870 1404 uitandum
886 1361 1033 1424 magnum
1048 1345 1158 1406 scando

200 1426 282 1506 tum,
307 1439 396 1511 prout
418 1432 640 1512 supradiximus
655 1432 685 1492 in
713 1449 785 1493 casu
805 1431 1042 1494 denuntiationis
1060 1437 1156 1511 (eutr,

199 1519 305 1599 etc.).V
328 1537 395 1601 cap.
408 1520 603 1600 Ornmpotens,
614 1519 648 1581 de
661 1539 768 1590 cecus.;
779 1537 845 1600 cap.
859 1520 926 1581 Non
935 1519 1027 1592 dedet,
1045 1521 1079 1584 de
1090 1522 1159 1584 testi·

201 1606 263 1676 ius:
278 1613 308 1669 ot
321 1625 387 1690 cap.
403 1609 489 1671 Inter
501 1608 714 1671 sollicitudines
729 1612 782 1680 tt),
799 1609 963 1690 depurpot.
979 1611 1124 1673 canonici.

236 1698 302 1757 Non
334 1703 435 1760 autem
463 1697 633 1759 informatio
661 1698 756 1778 privat
782 1697 909 1770 officiis,
936 1697 1093 1762 beneficiis
1116 1705 1159 1760 aut

196 1781 397 1865 Dignitatibus
416 1788 479 1867 jam
504 1785 667 1868 acquisitis.
690 1785 764 1848 Vide
792 1785 950 1863 Stremter,
979 1787 1038 1849 Des
1065 1789 1158 1850 Peines

196 1873 362 1954 ecclesiast„
377 1895 408 1958 p.
426 1879 493 1939 too.

235 1967 323 2029 5869.
347 1967 469 2039 Quaerit.
487 1969 517 2028 1⁰
534 1965 579 2026 An
602 1969 633 2026 et
645 1964 677 2024 in
696 1983 759 2045 quo
776 1963 919 2027 differunt
938 1965 1049 2027 modus
1069 1967 1158 2048 inqui·

194 2053 280 2116 rendi
293 2073 331 2118 ex
344 2055 441 2118 officio
451 2052 778 2134 etmodusinquirendi
792 2051 1011 2114 adinstantiani
1021 2053 1159 2132 aiicujus?

235 2145 324 2226 Resp.
335 2147 370 2206 in
380 2143 517 2226 pluribus
526 2141 647 2204 differre
661 2140 737 2203 duos
747 2140 802 2202 lios
816 2139 921 2204 modos
930 2143 1122 2223 procedendi,
1131 2150 1159 2204 ut

194 2231 294 2295 videre
308 2239 354 2294 est
366 2252 415 2315 ap.
432 2232 655 2310 Glossam,cap.
666 2229 883 2308 Qualiter.‚tit.
901 2236 930 2308 t,
946 2229 1157 2309 iib.5Decret.‚

95 2315 104 2324 ’
117 2339 133 2347 “
194 2332 223 2382 v⁰
236 2321 287 2382 Ad
299 2321 529 2403 inquisitionem.

234 2414 265 2471 1ο
287 2410 414 2482 Quando
430 2408 524 2488 judex
542 2407 677 2489 procedit
691 2425 728 2469 ex
742 2405 859 2486 officio,
879 2425 940 2470 non
959 2413 1079 2471 tenetur
1091 2409 1157 2472 reci-

192 2517 264 2582 pere
278 2499 486 2581 probationem
509 2515 598 2578 super
619 2495 717 2574 fami,
733 2505 767 2558 ut
788 2515 879 2578 supra
897 2495 1048 2574 diximus3
1064 2507 1158 2561 eontra

194 2594 239 2650 est
251 2589 275 2652 si
291 2588 433 2671 procedat
446 2585 484 2649 ad
499 2585 671 2648 instantiam
686 2585 819 2648 atterius,

233 2685 264 2741 2·
284 2677 380 2740 Judex
402 2675 567 2760 procedens
586 2693 622 2736 ex
644 2673 742 2735 officio
770 2673 879 2755 recipit
897 2674 1103 2753 juramentum
1125 2677 1157 2736 ab
1212 2711 1213 2742 f

185 2761 224 2824 iis
238 2772 346 2824 contra
363 2781 442 2842 qum
458 2762 601 2824 iacienda
615 2772 661 2826 est
677 2761 849 2842 inquisitio,
865 2778 930 2823 non
947 2761 1023 2822 item
1038 2757 1163 2842 quando

185 2850 326 2931 procedit
340 2850 378 2912 ad
389 2851 572 2931 petitionem
582 2851 721 2924 atterius,
735 2851 916 2912 neinstruat
930 2849 1142 2912 adversarium
1154 2863 1160 2916 t

186 2939 238 3004 sed
257 2937 314 3000 ists
329 2940 421 3000 debet
437 2939 571 3020 probare
586 2960 656 3022 quae
671 2939 890 3002 denuntiavit.

224 3027 254 3090 3⁰
268 3025 398 3101 Quando
414 3029 643 3109 procediturad
654 3027 891 3105 instantiam‚sst
903 3026 967 3088 litis
977 3025 1160 3090 contestatio

186 3135 259 3180 curn
273 3117 372 3197 coqui
389 3117 465 3197 petit
492 3116 729 3198 inquisitionem
742 3116 822 3197 (cap.
842 3113 919 3180 Ccim
933 3113 1062 3177 dilectus
1074 3116 1118 3190 ts,
1133 3114 1161 3174 de

186 3211 309 3286 purqat.
319 3205 486 3284 canonico).
501 3203 598 3268 Secus
612 3201 795 3286 estquando
805 3201 987 3283 proceditur
1002 3223 1039 3267 ex
1055 3202 1159 3267 officio.

187 3295 261 3375 qnia
274 3305 350 3356 tuoe
366 3301 483 3356 nonest
496 3313 642 3376 cumquo
654 3291 932 3374 ittndpossitsreri,
947 3293 1051 3356 audiri
1068 3305 1159 3356 tannen

187 3381 277 3444 debet
286 3383 449 3462 responsio
465 3385 606 3465 inquisiti
632 3385 716 3446 circa
730 3381 907 3444 infamiam.

226 3471 259 3529 [ιο
273 3471 404 3544 Quando
422 3473 600 3552 proceditur
616 3491 654 3534 ex
669 3470 786 3552 officio,
805 3477 938 3552 possunt
953 3477 1050 3534 testes
1074 3467 1159 3548 recipi

188 3559 282 3618 etiam
294 3569 363 3639 post
370 3560 545 3640 publicatas
558 3559 772 3622 attestationes
785 3559 967 3622 :cumcuim
977 3559 1158 3639 judicidicta

189 3644 316 3706 testium
330 3647 393 3708 sint
405 3665 528 3728 semper
542 3657 626 3724 nota,
644 3657 744 3712 cessat
760 3647 1096 3712 timorsubornationis
1113 3663 1157 3708 co·
