2462 3984
178 231 234 315 too
398 272 537 320 urrunnu
556 271 656 318 rorrus
677 271 758 319 runrs
779 271 929 320 cuuonrcr.

212 371 331 456 lluplex
341 378 401 436 est:
411 372 599 435 assentorium
609 390 671 454 quo
679 371 787 434 veritas
795 373 839 434 rei
854 375 974 434 assertae
983 373 1151 448 altestatur,

176 470 206 526 et
221 461 443 546 promissorium
457 480 519 544 quo
534 459 661 524 fidelitas
674 462 706 522 ln
718 459 912 544 adimplenda
934 477 968 522 ra
981 459 1151 544 promissi,

177 551 361 635 spondetur:
374 549 413 614 de
424 550 516 634 priori
527 551 577 614 hle
590 551 688 614 solum
701 552 810 632 agitur,
825 547 908 632 quod
920 549 1029 614 iterum
1037 548 1153 632 duplex

175 647 241 704 esl:
1121 702 1125 708 .

167 753 168 757 ¹
216 734 306 796 ὅτιὸ.
320 731 532 795 iuramentum
542 729 601 792 litia
614 727 776 794 decidendo
782 729 1055 812 quodpraeslalurl
1066 732 1154 810 parte

177 819 310 906 litigante
324 819 363 886 ad
377 819 544 882 finiendum
559 817 661 897 lilenr3
678 827 707 882 et
721 819 754 881 in
774 819 856 882 litem
870 815 1073 882 estimandum
1087 837 1154 900 quo
1227 873 1228 880 ,

176 910 219 972 rei
234 909 372 991 alicuius,
388 908 425 972 de
439 909 500 990 qud
510 907 653 990 litigatur,
668 905 824 971 aestimatio
834 906 868 970 lrt
881 926 952 971 cum
964 907 1150 987 iuramento.

215 1000 426 1062 duramentum
441 997 507 1060 titis
520 995 683 1061 deridendo
694 1006 738 1060 ert
750 997 796 1060 vel
808 997 1002 1068 necessariam
1021 997 1104 1080 quod
1113 1016 1154 1060 ex

175 1086 284 1169 Judieis
297 1088 472 1152 auctoritate
481 1086 686 1170 praestandum
700 1087 883 1170 iniungitur,
892 1085 938 1150 vel
951 1089 1154 1150 wluntorirun

177 1176 258 1258 quod
292 1197 330 1240 ex
356 1176 450 1239 libera
471 1177 602 1258 partium
629 1176 799 1255 voluntate,
818 1175 920 1256 judice
941 1177 1153 1258 approbante,

177 1273 345 1348 praestatur.

217 1359 307 1419 5746.
323 1359 534 1420 loramentum
549 1355 614 1418 lilia
626 1355 790 1420 decidendo
803 1355 1000 1420 subdividitur
1013 1356 1105 1420 etiarn
1119 1357 1153 1420 in

172 1441 317 1531 judiciale
338 1452 369 1509 et
389 1445 620 1528 eutrujudica'ale
633 1466 645 1510 .·
660 1447 738 1509 istud
761 1445 910 1529 posterius
937 1447 1038 1509 locum
1060 1446 1153 1510 hebet

177 1541 260 1597 extra
271 1535 436 1615 judicium,
450 1537 602 1620 uniceque
617 1537 720 1600 nititur
734 1535 933 1598 conventione
948 1537 1099 1618 partium,
1116 1556 1154 1600 an

178 1641 242 1685 rern
252 1625 407 1706 componit
418 1643 471 1708 per
486 1624 611 1689 rnodurn
625 1625 848 1701 transactionis;
861 1625 945 1705 juxta
956 1631 1057 1688 autern
1069 1645 1154 1690 eorn-

179 1713 350 1776 muniorem
372 1715 553 1778 sementiam
572 1717 779 1796 juramentum
803 1713 895 1790 illud,
919 1715 1010 1777 etiam
1032 1715 1154 1782 detecto

178 1809 280 1883 postea
301 1805 452 1885 perjurio,
475 1805 604 1869 rescindi
628 1803 733 1886 nequit
752 1806 770 1865 a
786 1803 947 1885 judicibus.
966 1805 1038 1868 l'ide
1060 1807 1150 1871 Card.

178 1891 288 1974 Soglia,
301 1893 377 1956 Inst.
386 1894 456 1976 jur.
466 1895 560 1978 prin,
571 1895 589 1976 ᾗ
602 1897 672 1971 uun
686 1893 830 1972 etBouix‚
846 1893 901 1974 it,
916 1915 948 1978 p.
963 1898 1153 1972 aon-Qua

177 1979 318 2045 dicuntur
333 1990 432 2047 tanuen
446 1985 477 2047 ln
487 1985 615 2049 decursu
630 1983 785 2066 presentis
800 1984 929 2064 articuli,
943 1985 981 2048 ad
992 1985 1152 2066 jurumen-

177 2077 241 2132 tum
252 2071 393 2154 judiciale
407 2073 505 2136 solirnr
520 2073 693 2154 respiciunt.

217 2163 306 2224 5747.
320 2161 442 2242 Regulae
453 2163 615 2241 juramenti
625 2161 789 2223 voluntarii
800 2169 871 2226 sunl
884 2163 967 2228 lslae:

218 2253 249 2312 l⁰
271 2251 385 2311 Loourn
405 2249 493 2312 habet
514 2250 653 2331 quando,
674 2251 777 2329 judice
800 2253 1004 2334 approbante,
1027 2273 1097 2338 pars
1119 2260 1151 2322 in

174 2337 286 2417 judicio
301 2339 383 2399 alteri
397 2338 473 2420 parti
491 2337 585 2400 delert
606 2339 813 2417 juramentum
827 2345 863 2404 et
877 2341 988 2424 legent
1002 2345 1026 2407 si
1046 2345 1151 2428 jurare

176 2427 272 2497 ausit,
289 2426 402 2509 absque
420 2427 553 2490 ulteriori
573 2447 731 2510 processu,
746 2429 900 2493 victoriam
919 2432 1073 2498 obtineat:
1090 2439 1153 2502 tale

176 2522 275 2578 autern
287 2515 494 2596 iuramentum
506 2518 544 2579 ab
558 2521 619 2580 und
633 2525 715 2600 parte
730 2537 801 2582 curn
811 2538 934 2584 assensu
946 2521 1056 2604 judicis
1069 2525 1153 2589 dela·

176 2611 241 2667 turn
254 2654 261 2682 ,
276 2607 380 2688 nequit
394 2607 432 2669 ab
445 2607 538 2670 alteru
551 2614 635 2690 parte
648 2609 800 2687 recusari,
817 2609 873 2672 nisi
888 2611 971 2673 malit
985 2611 1059 2676 illud
1068 2613 1152 2680 dela«

177 2694 251 2756 renti
268 2695 389 2760 relerre.

214 2784 448 2848 Controvertitur
460 2804 500 2850 an
519 2791 613 2866 actor,
628 2787 681 2869 qui
696 2787 770 2851 nihil
783 2787 882 2853 adhuc
895 2791 1042 2874 probavit,
1053 2799 1150 2880 possit

176 2891 226 2936 roo
237 2873 444 2956 juramentum
457 2875 585 2941 deferre.

213 2963 245 3025 2⁰
258 2963 288 3026 si
308 2963 333 3026 is
352 2965 400 3028 oui
412 2966 620 3050 juramentum
642 2967 790 3048 defertur,
810 2969 924 3054 absquo
939 2972 1020 3056 justl
1035 2981 1143 3061 carrel,

173 3051 273 3136 iurare
291 3063 426 3134 recuset,
449 3055 494 3119 vel
513 3057 719 3140 Jurarnenturn
740 3059 825 3124 alteri
844 3060 979 3140 deferre,
1000 3069 1151 3148 tanquam

174 3142 327 3206 convietus
350 3145 600 3210 condemnandus
623 3156 691 3226 est;
715 3167 814 3212 oausae
836 3155 937 3214 autern
955 3151 1045 3236 juste
1064 3156 1150 3239 jura-

175 3237 309 3296 menturn
324 3234 481 3298 recusandi
495 3243 611 3314 essent,
626 3257 654 3299 v.
670 3257 700 3319 g.
717 3239 740 3300 si
753 3238 847 3322 judex
858 3258 919 3302 non
934 3249 1012 3304 esset
1024 3263 1150 3329 compe·

174 3326 253 3399 tens;
270 3323 294 3384 si
311 3323 335 3385 is
352 3326 399 3385 oui
415 3324 561 3401 defertur,
578 3325 702 3407 plenurn
716 3346 808 3391 suum
819 3327 869 3412 jus
882 3329 1054 3415 probasset,
1070 3341 1145 3400 oto:

173 3428 239 3493 cap.
254 3411 341 3473 Sicut
353 3415 383 3485 2,
403 3409 677 3496 deplorationibus.

213 3503 245 3561 3⁰
256 3502 466 3565 loramentum
480 3504 681 3568 voluntarium
692 3505 835 3587 judiciale
847 3508 908 3572 virn
922 3511 1020 3594 plenae
1032 3515 1146 3596 proba·

171 3587 261 3650 tionis
279 3587 382 3666 habet,
397 3598 427 3652 el
445 3591 614 3656 seeundum
633 3595 706 3659 illud
720 3601 866 3661 sententia
878 3599 948 3663 lerrl
961 3601 1070 3686 debet,
1086 3625 1146 3672 neo

172 3677 210 3738 ab
224 3695 260 3740 eo
271 3684 366 3758 potest
380 3681 532 3762 appellari.
550 3683 672 3761 (Bouix,
688 3685 743 3761 it,
758 3707 789 3768 p.
804 3691 880 3768 324,
893 3693 963 3772 eto.)
