<?xml version="1.0" encoding="UTF-8"?>
<!DOCTYPE html PUBLIC "-//W3C//DTD XHTML 1.0 Transitional//EN"
    "http://www.w3.org/TR/xhtml1/DTD/xhtml1-transitional.dtd">
<html xmlns="http://www.w3.org/1999/xhtml" xml:lang="en" lang="en">
 <head>
  <title>
</title>
<meta http-equiv="Content-Type" content="text/html;charset=utf-8" />
  <meta name='ocr-system' content='tesseract 3.04.00' />
  <meta name='ocr-capabilities' content='ocr_page ocr_carea ocr_par ocr_line ocrx_word'/>
</head>
<body>
  <div class='ocr_page' id='page_1' title='image "./manualetotiusju02craigoog/manualetotiusju02craigoog_0265.png"; bbox 0 0 2452 3984; ppageno 0'>
   <div class='ocr_carea' id='block_1_1' title="bbox 201 249 956 312">
    <p class='ocr_par' dir='ltr' id='par_1_1' title="bbox 201 249 956 312">
     <span class='ocr_line' id='line_1_1' title="bbox 201 249 956 312; baseline -0.007 -1"><span class='ocrx_word' id='word_1_1' title='bbox 201 249 261 312; x_wconf 71' lang='lat'>256</span> <span class='ocrx_word' id='word_1_2' title='bbox 428 263 566 309; x_wconf 77' lang='lat' dir='ltr'>urrunnu</span> <span class='ocrx_word' id='word_1_3' title='bbox 587 263 688 310; x_wconf 82' lang='lat' dir='ltr'>rorrus</span> <span class='ocrx_word' id='word_1_4' title='bbox 706 263 788 309; x_wconf 81' lang='lat' dir='ltr'>runis</span> <span class='ocrx_word' id='word_1_5' title='bbox 808 259 956 308; x_wconf 77' lang='lat' dir='ltr'>cruenter.</span> 
     </span>
    </p>
   </div>
   <div class='ocr_carea' id='block_1_2' title="bbox 108 354 1157 1950">
    <p class='ocr_par' dir='ltr' id='par_1_2' title="bbox 203 354 1146 528">
     <span class='ocr_line' id='line_1_2' title="bbox 203 354 1146 440; baseline -0.003 -18"><span class='ocrx_word' id='word_1_6' title='bbox 203 357 336 440; x_wconf 84' lang='lat' dir='ltr'>probate.</span> <span class='ocrx_word' id='word_1_7' title='bbox 354 356 437 420; x_wconf 83' lang='lat' dir='ltr'>Idem</span> <span class='ocrx_word' id='word_1_8' title='bbox 450 357 491 420; x_wconf 87' lang='lat' dir='ltr'>ait</span> <span class='ocrx_word' id='word_1_9' title='bbox 502 359 631 421; x_wconf 86' lang='lat' dir='ltr'>Renrins</span> <span class='ocrx_word' id='word_1_10' title='bbox 642 357 681 421; x_wconf 92' lang='lat' dir='ltr'>de</span> <span class='ocrx_word' id='word_1_11' title='bbox 694 356 891 420; x_wconf 88' lang='lat' dir='ltr'>seminaristis</span> <span class='ocrx_word' id='word_1_12' title='bbox 914 360 946 418; x_wconf 86' lang='lat' dir='ltr'>et</span> <span class='ocrx_word' id='word_1_13' title='bbox 963 354 1062 437; x_wconf 88' lang='lat' dir='ltr'>pueris</span> <span class='ocrx_word' id='word_1_14' title='bbox 1075 355 1146 420; x_wconf 72' lang='lat' dir='ltr'>colis</span> 
     </span>
     <span class='ocr_line' id='line_1_3' title="bbox 205 445 818 528; baseline 0 -21"><span class='ocrx_word' id='word_1_15' title='bbox 205 445 336 528; x_wconf 84' lang='lat' dir='ltr'>giorum.</span> <span class='ocrx_word' id='word_1_16' title='bbox 354 447 397 522; x_wconf 88' lang='lat' dir='ltr'>(S.</span> <span class='ocrx_word' id='word_1_17' title='bbox 413 445 550 526; x_wconf 79' lang='lat' dir='ltr'>Liguor.‚</span> <span class='ocrx_word' id='word_1_18' title='bbox 565 447 618 509; x_wconf 87' lang='lat' dir='ltr'>lib.</span> <span class='ocrx_word' id='word_1_19' title='bbox 632 452 669 526; x_wconf 81' lang='lat' dir='ltr'>t,</span> <span class='ocrx_word' id='word_1_20' title='bbox 685 455 718 508; x_wconf 90' lang='lat' dir='ltr'>n·</span> <span class='ocrx_word' id='word_1_21' title='bbox 733 447 818 523; x_wconf 74' lang='lat' dir='ltr'>att.)</span> 
     </span>
    </p>

    <p class='ocr_par' dir='ltr' id='par_1_3' title="bbox 240 533 1144 612">
     <span class='ocr_line' id='line_1_4' title="bbox 240 533 1144 612; baseline -0.003 -15"><span class='ocrx_word' id='word_1_22' title='bbox 240 537 328 597; x_wconf 69' lang='lat'><strong>6209.</strong></span> <span class='ocrx_word' id='word_1_23' title='bbox 351 533 466 598; x_wconf 78' lang='lat' dir='ltr'>Dicitur</span> <span class='ocrx_word' id='word_1_24' title='bbox 477 539 512 597; x_wconf 76' lang='lat' dir='ltr'>l·</span> <span class='ocrx_word' id='word_1_25' title='bbox 533 533 681 596; x_wconf 80' lang='lat' dir='ltr'>Violentus</span> <span class='ocrx_word' id='word_1_26' title='bbox 693 554 811 606; x_wconf 79' lang='lat' dir='ltr'>meatu.</span> <span class='ocrx_word' id='word_1_27' title='bbox 826 533 962 597; x_wconf 74' lang='lat' dir='ltr'>madente</span> <span class='ocrx_word' id='word_1_28' title='bbox 974 533 1098 612; x_wconf 81' lang='lat' dir='ltr'>dr&#39;oiolo,</span> <span class='ocrx_word' id='word_1_29' title='bbox 1109 535 1144 595; x_wconf 85' lang='lat' dir='ltr'>ir·</span> 
     </span>
    </p>

    <p class='ocr_par' dir='ltr' id='par_1_4' title="bbox 108 622 1152 1506">
     <span class='ocr_line' id='line_1_5' title="bbox 195 622 1145 706; baseline -0.001 -20"><span class='ocrx_word' id='word_1_30' title='bbox 195 623 315 706; x_wconf 81' lang='lat' dir='ltr'>jecerit.</span> <span class='ocrx_word' id='word_1_31' title='bbox 331 625 389 689; x_wconf 88' lang='lat' dir='ltr'>Per</span> <span class='ocrx_word' id='word_1_32' title='bbox 401 622 459 686; x_wconf 91' lang='lat' dir='ltr'>hoc</span> <span class='ocrx_word' id='word_1_33' title='bbox 473 623 649 705; x_wconf 79' lang='lat' dir='ltr'>intelligitur</span> <span class='ocrx_word' id='word_1_34' title='bbox 662 624 776 706; x_wconf 82' lang='lat' dir='ltr'>quevis</span> <span class='ocrx_word' id='word_1_35' title='bbox 788 623 1007 687; x_wconf 89' lang='lat' dir='ltr'>contumeliosa</span> <span class='ocrx_word' id='word_1_36' title='bbox 1019 623 1089 686; x_wconf 89' lang='lat' dir='ltr'>actio</span> <span class='ocrx_word' id='word_1_37' title='bbox 1105 639 1145 685; x_wconf 85' lang='lat' dir='ltr'>er·</span> 
     </span>
     <span class='ocr_line' id='line_1_6' title="bbox 108 707 1145 792; baseline -0.001 -17"><span class='ocrx_word' id='word_1_38' title='bbox 108 707 111 714; x_wconf 75' lang='grc'><strong>’</strong></span> <span class='ocrx_word' id='word_1_39' title='bbox 199 711 291 775; x_wconf 88' lang='lat' dir='ltr'>terior</span> <span class='ocrx_word' id='word_1_40' title='bbox 306 711 459 790; x_wconf 84' lang='lat' dir='ltr'>mortalis,</span> <span class='ocrx_word' id='word_1_41' title='bbox 473 713 555 775; x_wconf 87' lang='lat' dir='ltr'>circa</span> <span class='ocrx_word' id='word_1_42' title='bbox 574 711 675 774; x_wconf 91' lang='lat' dir='ltr'>clerici</span> <span class='ocrx_word' id='word_1_43' title='bbox 698 713 745 775; x_wconf 89' lang='lat' dir='ltr'>vel</span> <span class='ocrx_word' id='word_1_44' title='bbox 765 711 905 776; x_wconf 89' lang='lat' dir='ltr'>monachi</span> <span class='ocrx_word' id='word_1_45' title='bbox 927 711 1145 792; x_wconf 81' lang='lat' dir='ltr'>personam‚rcl</span> 
     </span>
     <span class='ocr_line' id='line_1_7' title="bbox 200 799 1146 881; baseline -0.002 -18"><span class='ocrx_word' id='word_1_46' title='bbox 200 819 249 864; x_wconf 85' lang='lat' dir='ltr'>res</span> <span class='ocrx_word' id='word_1_47' title='bbox 262 800 361 864; x_wconf 88' lang='lat' dir='ltr'>eidem</span> <span class='ocrx_word' id='word_1_48' title='bbox 375 799 576 878; x_wconf 72' lang='lat' dir='ltr'><strong>adhaerentes,</strong></span> <span class='ocrx_word' id='word_1_49' title='bbox 592 801 656 864; x_wconf 88' lang='lat' dir='ltr'>sive</span> <span class='ocrx_word' id='word_1_50' title='bbox 666 800 715 864; x_wconf 85' lang='lat' dir='ltr'>fiat</span> <span class='ocrx_word' id='word_1_51' title='bbox 731 819 842 880; x_wconf 86' lang='lat' dir='ltr'>manu,</span> <span class='ocrx_word' id='word_1_52' title='bbox 857 799 976 879; x_wconf 82' lang='lat' dir='ltr'>haculo,</span> <span class='ocrx_word' id='word_1_53' title='bbox 988 799 1091 881; x_wconf 81' lang='lat' dir='ltr'>gladio,</span> <span class='ocrx_word' id='word_1_54' title='bbox 1103 805 1146 862; x_wconf 85' lang='lat' dir='ltr'>etc</span> 
     </span>
     <span class='ocr_line' id='line_1_8' title="bbox 240 887 1148 972; baseline -0.004 -19"><span class='ocrx_word' id='word_1_55' title='bbox 240 894 329 954; x_wconf 74' lang='lat' dir='ltr'>calc.</span> <span class='ocrx_word' id='word_1_56' title='bbox 346 892 413 952; x_wconf 90' lang='lat' dir='ltr'>Non</span> <span class='ocrx_word' id='word_1_57' title='bbox 427 889 535 953; x_wconf 85' lang='lat' dir='ltr'>suflicit</span> <span class='ocrx_word' id='word_1_58' title='bbox 552 897 586 952; x_wconf 87' lang='lat' dir='ltr'>ut</span> <span class='ocrx_word' id='word_1_59' title='bbox 606 891 674 968; x_wconf 88' lang='lat' dir='ltr'>quis</span> <span class='ocrx_word' id='word_1_60' title='bbox 694 890 818 972; x_wconf 80' lang='lat' dir='ltr'>signum</span> <span class='ocrx_word' id='word_1_61' title='bbox 836 887 1038 971; x_wconf 84' lang='lat' dir='ltr'>percussionis</span> <span class='ocrx_word' id='word_1_62' title='bbox 1060 888 1148 966; x_wconf 79' lang='lat' dir='ltr'>uetat,</span> 
     </span>
     <span class='ocr_line' id='line_1_9' title="bbox 201 977 1147 1060; baseline -0.004 -16"><span class='ocrx_word' id='word_1_63' title='bbox 201 986 233 1044; x_wconf 91' lang='lat' dir='ltr'>ut</span> <span class='ocrx_word' id='word_1_64' title='bbox 250 977 384 1042; x_wconf 83' lang='lat' dir='ltr'>incurrat</span> <span class='ocrx_word' id='word_1_65' title='bbox 404 978 749 1042; x_wconf 76' lang='lat' dir='ltr'>excommunicationem</span> <span class='ocrx_word' id='word_1_66' title='bbox 766 997 774 1040; x_wconf 91' lang='lat'>:</span> <span class='ocrx_word' id='word_1_67' title='bbox 789 978 842 1040; x_wconf 89' lang='lat' dir='ltr'>sed</span> <span class='ocrx_word' id='word_1_68' title='bbox 866 979 983 1060; x_wconf 88' lang='lat' dir='ltr'>quoties</span> <span class='ocrx_word' id='word_1_69' title='bbox 1001 978 1147 1060; x_wconf 84' lang='lat' dir='ltr'>percussio,</span> 
     </span>
     <span class='ocr_line' id='line_1_10' title="bbox 200 1065 1149 1148; baseline -0.006 -16"><span class='ocrx_word' id='word_1_70' title='bbox 200 1069 255 1132; x_wconf 90' lang='lat' dir='ltr'>etsi</span> <span class='ocrx_word' id='word_1_71' title='bbox 268 1068 360 1146; x_wconf 86' lang='lat' dir='ltr'>levis,</span> <span class='ocrx_word' id='word_1_72' title='bbox 375 1067 438 1130; x_wconf 82' lang='lat' dir='ltr'>idid</span> <span class='ocrx_word' id='word_1_73' title='bbox 458 1067 607 1130; x_wconf 89' lang='lat' dir='ltr'>levissima</span> <span class='ocrx_word' id='word_1_74' title='bbox 625 1086 679 1148; x_wconf 91' lang='lat' dir='ltr'>per</span> <span class='ocrx_word' id='word_1_75' title='bbox 696 1073 808 1130; x_wconf 87' lang='lat' dir='ltr'>tactum</span> <span class='ocrx_word' id='word_1_76' title='bbox 825 1065 1002 1148; x_wconf 81' lang='lat' dir='ltr'>physicum,</span> <span class='ocrx_word' id='word_1_77' title='bbox 1018 1067 1149 1128; x_wconf 80' lang='lat' dir='ltr'>existima·</span> 
     </span>
     <span class='ocr_line' id='line_1_11' title="bbox 200 1153 1148 1239; baseline -0.006 -19"><span class='ocrx_word' id='word_1_78' title='bbox 200 1164 249 1220; x_wconf 92' lang='lat' dir='ltr'>tur</span> <span class='ocrx_word' id='word_1_79' title='bbox 263 1157 389 1239; x_wconf 77' lang='lat' dir='ltr'>graviter</span> <span class='ocrx_word' id='word_1_80' title='bbox 403 1157 563 1236; x_wconf 85' lang='lat' dir='ltr'>injuriose,</span> <span class='ocrx_word' id='word_1_81' title='bbox 579 1157 688 1220; x_wconf 87' lang='lat' dir='ltr'>sufficit</span> <span class='ocrx_word' id='word_1_82' title='bbox 707 1157 745 1219; x_wconf 86' lang='lat' dir='ltr'>ad</span> <span class='ocrx_word' id='word_1_83' title='bbox 763 1173 924 1219; x_wconf 89' lang='lat' dir='ltr'>censuram</span> <span class='ocrx_word' id='word_1_84' title='bbox 944 1153 1148 1218; x_wconf 86' lang='lat' dir='ltr'>incurrendam.</span> 
     </span>
     <span class='ocr_line' id='line_1_12' title="bbox 200 1244 1151 1326; baseline -0.005 -18"><span class='ocrx_word' id='word_1_85' title='bbox 200 1245 408 1308; x_wconf 83' lang='lat' dir='ltr'>Communiter</span> <span class='ocrx_word' id='word_1_86' title='bbox 421 1251 521 1307; x_wconf 90' lang='lat' dir='ltr'>autem</span> <span class='ocrx_word' id='word_1_87' title='bbox 537 1247 601 1308; x_wconf 88' lang='lat' dir='ltr'>DD.</span> <span class='ocrx_word' id='word_1_88' title='bbox 617 1246 774 1309; x_wconf 81' lang='lat' dir='ltr'>advertunt</span> <span class='ocrx_word' id='word_1_89' title='bbox 787 1244 869 1326; x_wconf 86' lang='lat' dir='ltr'>qudd</span> <span class='ocrx_word' id='word_1_90' title='bbox 883 1244 933 1307; x_wconf 90' lang='lat' dir='ltr'>hic</span> <span class='ocrx_word' id='word_1_91' title='bbox 947 1262 1062 1320; x_wconf 68' lang='lat' dir='ltr'>cenom</span> <span class='ocrx_word' id='word_1_92' title='bbox 1078 1250 1151 1324; x_wconf 83' lang='lat' dir='ltr'>prout</span> 
     </span>
     <span class='ocr_line' id='line_1_13' title="bbox 201 1331 1152 1412; baseline 0 -16"><span class='ocrx_word' id='word_1_93' title='bbox 201 1335 233 1397; x_wconf 90' lang='lat' dir='ltr'>in</span> <span class='ocrx_word' id='word_1_94' title='bbox 245 1333 377 1396; x_wconf 81' lang='lat' dir='ltr'>savorem</span> <span class='ocrx_word' id='word_1_95' title='bbox 391 1333 570 1397; x_wconf 87' lang='lat' dir='ltr'>clericorum</span> <span class='ocrx_word' id='word_1_96' title='bbox 584 1339 753 1412; x_wconf 88' lang='lat' dir='ltr'>emanatus,</span> <span class='ocrx_word' id='word_1_97' title='bbox 769 1351 831 1396; x_wconf 94' lang='lat' dir='ltr'>non</span> <span class='ocrx_word' id='word_1_98' title='bbox 845 1335 947 1397; x_wconf 77' lang='lat' dir='ltr'>stricte</span> <span class='ocrx_word' id='word_1_99' title='bbox 961 1333 1015 1396; x_wconf 90' lang='lat' dir='ltr'>sed</span> <span class='ocrx_word' id='word_1_100' title='bbox 1029 1331 1152 1396; x_wconf 77' lang='lat' dir='ltr'>latissimt</span> 
     </span>
     <span class='ocr_line' id='line_1_14' title="bbox 201 1419 1037 1506; baseline -0.001 -20"><span class='ocrx_word' id='word_1_101' title='bbox 201 1423 239 1486; x_wconf 91' lang='lat' dir='ltr'>sit</span> <span class='ocrx_word' id='word_1_102' title='bbox 252 1421 477 1504; x_wconf 83' lang='lat' dir='ltr'>intelligendus.</span> <span class='ocrx_word' id='word_1_103' title='bbox 494 1419 539 1502; x_wconf 90' lang='lat' dir='ltr'>(S.</span> <span class='ocrx_word' id='word_1_104' title='bbox 555 1422 690 1506; x_wconf 70' lang='lat' dir='ltr'>Lignor„</span> <span class='ocrx_word' id='word_1_105' title='bbox 706 1422 759 1486; x_wconf 91' lang='lat' dir='ltr'>lib.</span> <span class='ocrx_word' id='word_1_106' title='bbox 775 1421 870 1502; x_wconf 77' lang='grc' dir='ltr'>’1,,η“·</span> <span class='ocrx_word' id='word_1_107' title='bbox 884 1421 1037 1505; x_wconf 75' lang='lat' dir='ltr'>sta-ara.)</span> 
     </span>
    </p>

    <p class='ocr_par' dir='ltr' id='par_1_5' title="bbox 147 1509 1157 1950">
     <span class='ocr_line' id='line_1_15' title="bbox 240 1509 1153 1584; baseline -0.001 -9"><span class='ocrx_word' id='word_1_108' title='bbox 240 1515 329 1575; x_wconf 75' lang='grc'><strong>6211.</strong></span> <span class='ocrx_word' id='word_1_109' title='bbox 346 1509 433 1575; x_wconf 88' lang='lat' dir='ltr'>Unde</span> <span class='ocrx_word' id='word_1_110' title='bbox 445 1511 606 1574; x_wconf 89' lang='lat' dir='ltr'>incurritur</span> <span class='ocrx_word' id='word_1_111' title='bbox 619 1511 685 1575; x_wconf 81' lang='lat' dir='ltr'>haec</span> <span class='ocrx_word' id='word_1_112' title='bbox 698 1511 970 1576; x_wconf 81' lang='lat' dir='ltr'>excommunicatio</span> <span class='ocrx_word' id='word_1_113' title='bbox 983 1529 991 1573; x_wconf 91' lang='lat'><strong>:</strong></span> <span class='ocrx_word' id='word_1_114' title='bbox 1004 1514 1035 1573; x_wconf 73' lang='grc' dir='ltr'>1ο</span> <span class='ocrx_word' id='word_1_115' title='bbox 1046 1509 1153 1584; x_wconf 82' lang='lat' dir='ltr'>Quando</span> 
     </span>
     <span class='ocr_line' id='line_1_16' title="bbox 200 1600 1154 1684; baseline -0.002 -20"><span class='ocrx_word' id='word_1_116' title='bbox 200 1602 269 1684; x_wconf 88' lang='lat' dir='ltr'>quis</span> <span class='ocrx_word' id='word_1_117' title='bbox 281 1601 424 1664; x_wconf 88' lang='lat' dir='ltr'>clericum</span> <span class='ocrx_word' id='word_1_118' title='bbox 439 1600 485 1662; x_wconf 89' lang='lat' dir='ltr'>vel</span> <span class='ocrx_word' id='word_1_119' title='bbox 507 1600 692 1664; x_wconf 86' lang='lat' dir='ltr'>monachum</span> <span class='ocrx_word' id='word_1_120' title='bbox 713 1600 873 1682; x_wconf 82' lang='lat' dir='ltr'>conspuit,</span> <span class='ocrx_word' id='word_1_121' title='bbox 888 1600 1061 1682; x_wconf 81' lang='lat' dir='ltr'>conspergit</span> <span class='ocrx_word' id='word_1_122' title='bbox 1072 1605 1154 1682; x_wconf 81' lang='lat' dir='ltr'>aqut,</span> 
     </span>
     <span class='ocr_line' id='line_1_17' title="bbox 201 1687 1154 1774; baseline -0.003 -21"><span class='ocrx_word' id='word_1_123' title='bbox 201 1690 341 1774; x_wconf 89' lang='lat' dir='ltr'>pulvere,</span> <span class='ocrx_word' id='word_1_124' title='bbox 357 1689 437 1767; x_wconf 87' lang='lat' dir='ltr'>luto,</span> <span class='ocrx_word' id='word_1_125' title='bbox 454 1689 500 1752; x_wconf 86' lang='lat' dir='ltr'>rel</span> <span class='ocrx_word' id='word_1_126' title='bbox 525 1687 567 1751; x_wconf 94' lang='lat' dir='ltr'>illi</span> <span class='ocrx_word' id='word_1_127' title='bbox 587 1688 684 1754; x_wconf 87' lang='lat' dir='ltr'>evellit</span> <span class='ocrx_word' id='word_1_128' title='bbox 698 1687 819 1763; x_wconf 87' lang='lat' dir='ltr'>crines,</span> <span class='ocrx_word' id='word_1_129' title='bbox 843 1688 953 1752; x_wconf 87' lang='lat' dir='ltr'>lacerat</span> <span class='ocrx_word' id='word_1_130' title='bbox 970 1690 1037 1767; x_wconf 83' lang='lat' dir='ltr'>ejus</span> <span class='ocrx_word' id='word_1_131' title='bbox 1057 1696 1154 1762; x_wconf 80' lang='lat' dir='ltr'>restes,</span> 
     </span>
     <span class='ocr_line' id='line_1_18' title="bbox 201 1776 1157 1862; baseline -0.003 -21"><span class='ocrx_word' id='word_1_132' title='bbox 201 1779 289 1860; x_wconf 90' lang='lat' dir='ltr'>eripit</span> <span class='ocrx_word' id='word_1_133' title='bbox 301 1776 414 1860; x_wconf 88' lang='lat' dir='ltr'>aliquid</span> <span class='ocrx_word' id='word_1_134' title='bbox 422 1777 460 1840; x_wconf 88' lang='lat' dir='ltr'>ab</span> <span class='ocrx_word' id='word_1_135' title='bbox 467 1796 504 1841; x_wconf 90' lang='lat' dir='ltr'>eo</span> <span class='ocrx_word' id='word_1_136' title='bbox 514 1795 568 1860; x_wconf 90' lang='lat' dir='ltr'>per</span> <span class='ocrx_word' id='word_1_137' title='bbox 577 1777 637 1840; x_wconf 88' lang='lat' dir='ltr'>vim</span> <span class='ocrx_word' id='word_1_138' title='bbox 650 1783 682 1841; x_wconf 90' lang='lat' dir='ltr'>et</span> <span class='ocrx_word' id='word_1_139' title='bbox 695 1777 848 1860; x_wconf 74' lang='lat' dir='ltr'>iniuriam,</span> <span class='ocrx_word' id='word_1_140' title='bbox 863 1795 892 1840; x_wconf 87' lang='lat' dir='ltr'>r.</span> <span class='ocrx_word' id='word_1_141' title='bbox 906 1796 950 1859; x_wconf 82' lang='lat' dir='ltr'>g.,</span> <span class='ocrx_word' id='word_1_142' title='bbox 966 1777 1089 1862; x_wconf 81' lang='lat' dir='ltr'>pileum,</span> <span class='ocrx_word' id='word_1_143' title='bbox 1103 1777 1157 1860; x_wconf 86' lang='lat' dir='ltr'>pal·</span> 
     </span>
     <span class='ocr_line' id='line_1_19' title="bbox 147 1865 1156 1950; baseline 0 -22"><span class='ocrx_word' id='word_1_144' title='bbox 147 1937 153 1946; x_wconf 50' lang='grc'><strong>,</strong></span> <span class='ocrx_word' id='word_1_145' title='bbox 201 1867 298 1945; x_wconf 86' lang='lat' dir='ltr'>lium,</span> <span class='ocrx_word' id='word_1_146' title='bbox 321 1869 542 1949; x_wconf 87' lang='lat' dir='ltr'>peractionem</span> <span class='ocrx_word' id='word_1_147' title='bbox 566 1874 667 1932; x_wconf 85' lang='lat' dir='ltr'>temen</span> <span class='ocrx_word' id='word_1_148' title='bbox 690 1865 818 1948; x_wconf 80' lang='lat' dir='ltr'>graviter</span> <span class='ocrx_word' id='word_1_149' title='bbox 837 1865 1037 1948; x_wconf 80' lang='lat' dir='ltr'>injuriosam3</span> <span class='ocrx_word' id='word_1_150' title='bbox 1061 1873 1094 1932; x_wconf 75' lang='lat'>2⁰</span> <span class='ocrx_word' id='word_1_151' title='bbox 1115 1867 1156 1950; x_wconf 81' lang='lat' dir='ltr'>qui</span> 
     </span>
    </p>
   </div>
   <div class='ocr_carea' id='block_1_3' title="bbox 85 1954 1159 2036">
    <p class='ocr_par' dir='ltr' id='par_1_6' title="bbox 85 1954 1159 2036">
     <span class='ocr_line' id='line_1_20' title="bbox 85 1954 1159 2036; baseline -0.002 -16"><span class='ocrx_word' id='word_1_152' title='bbox 85 2021 89 2028; x_wconf 77' lang='grc'>,</span> <span class='ocrx_word' id='word_1_153' title='bbox 200 1955 353 2020; x_wconf 86' lang='lat' dir='ltr'>concludit</span> <span class='ocrx_word' id='word_1_154' title='bbox 370 1963 423 2018; x_wconf 87' lang='lat' dir='ltr'>aut</span> <span class='ocrx_word' id='word_1_155' title='bbox 437 1955 581 2020; x_wconf 87' lang='lat' dir='ltr'>violenter</span> <span class='ocrx_word' id='word_1_156' title='bbox 602 1955 715 2018; x_wconf 85' lang='lat' dir='ltr'>detinet</span> <span class='ocrx_word' id='word_1_157' title='bbox 735 1973 806 2018; x_wconf 92' lang='lat' dir='ltr'>eum</span> <span class='ocrx_word' id='word_1_158' title='bbox 829 1954 1021 2036; x_wconf 87' lang='lat' dir='ltr'>incarcere,</span> <span class='ocrx_word' id='word_1_159' title='bbox 1047 1958 1091 2022; x_wconf 86' lang='lat' dir='ltr'>rel</span> <span class='ocrx_word' id='word_1_160' title='bbox 1104 1957 1159 2019; x_wconf 89' lang='lat' dir='ltr'>loco</span> 
     </span>
    </p>
   </div>
   <div class='ocr_carea' id='block_1_4' title="bbox 142 2045 1202 3728">
    <p class='ocr_par' dir='ltr' id='par_1_7' title="bbox 142 2045 1202 3728">
     <span class='ocr_line' id='line_1_21' title="bbox 201 2045 1159 2129; baseline -0.003 -20"><span class='ocrx_word' id='word_1_161' title='bbox 201 2045 282 2109; x_wconf 91' lang='lat' dir='ltr'>unde</span> <span class='ocrx_word' id='word_1_162' title='bbox 296 2045 362 2108; x_wconf 78' lang='lat' dir='ltr'>sint</span> <span class='ocrx_word' id='word_1_163' title='bbox 379 2045 526 2109; x_wconf 88' lang='lat' dir='ltr'>dedecore</span> <span class='ocrx_word' id='word_1_164' title='bbox 541 2063 602 2107; x_wconf 91' lang='lat' dir='ltr'>non</span> <span class='ocrx_word' id='word_1_165' title='bbox 625 2050 722 2126; x_wconf 89' lang='lat' dir='ltr'>potest</span> <span class='ocrx_word' id='word_1_166' title='bbox 739 2045 838 2121; x_wconf 90' lang='lat' dir='ltr'>exire;</span> <span class='ocrx_word' id='word_1_167' title='bbox 854 2048 887 2106; x_wconf 68' lang='grc' dir='ltr'>3ο</span> <span class='ocrx_word' id='word_1_168' title='bbox 909 2047 961 2128; x_wconf 91' lang='lat' dir='ltr'>qui</span> <span class='ocrx_word' id='word_1_169' title='bbox 982 2047 1159 2129; x_wconf 90' lang='lat' dir='ltr'>persequitur</span> 
     </span>
     <span class='ocr_line' id='line_1_22' title="bbox 142 2127 1158 2216; baseline -0.004 -16"><span class='ocrx_word' id='word_1_170' title='bbox 142 2192 146 2200; x_wconf 90' lang='lat'>.</span> <span class='ocrx_word' id='word_1_171' title='bbox 200 2127 279 2199; x_wconf 86' lang='lat' dir='ltr'>utin</span> <span class='ocrx_word' id='word_1_172' title='bbox 294 2133 429 2210; x_wconf 83' lang='lat' dir='ltr'>flumen,</span> <span class='ocrx_word' id='word_1_173' title='bbox 443 2133 555 2196; x_wconf 81' lang='lat' dir='ltr'>fossam</span> <span class='ocrx_word' id='word_1_174' title='bbox 569 2133 691 2211; x_wconf 85' lang='lat' dir='ltr'>incidat,</span> <span class='ocrx_word' id='word_1_175' title='bbox 707 2152 786 2216; x_wconf 89' lang='lat' dir='ltr'>equo</span> <span class='ocrx_word' id='word_1_176' title='bbox 799 2131 937 2214; x_wconf 87' lang='lat' dir='ltr'>decidat,</span> <span class='ocrx_word' id='word_1_177' title='bbox 952 2142 1010 2198; x_wconf 89' lang='lat' dir='ltr'>etc.</span> <span class='ocrx_word' id='word_1_178' title='bbox 1029 2155 1038 2198; x_wconf 77' lang='lat' dir='ltr'>r</span> <span class='ocrx_word' id='word_1_179' title='bbox 1057 2155 1110 2199; x_wconf 90' lang='lat' dir='ltr'>nec</span> <span class='ocrx_word' id='word_1_180' title='bbox 1120 2135 1158 2196; x_wconf 88' lang='lat' dir='ltr'>vi·</span> 
     </span>
     <span class='ocr_line' id='line_1_23' title="bbox 200 2222 1158 2305; baseline 0.002 -21"><span class='ocrx_word' id='word_1_181' title='bbox 200 2229 288 2286; x_wconf 87' lang='lat' dir='ltr'>netur</span> <span class='ocrx_word' id='word_1_182' title='bbox 301 2223 438 2286; x_wconf 90' lang='lat' dir='ltr'>excusari</span> <span class='ocrx_word' id='word_1_183' title='bbox 452 2225 470 2285; x_wconf 75' lang='lat' dir='ltr'>t</span> <span class='ocrx_word' id='word_1_184' title='bbox 484 2225 612 2286; x_wconf 78' lang='lat' dir='ltr'>censnrt</span> <span class='ocrx_word' id='word_1_185' title='bbox 625 2222 794 2303; x_wconf 83' lang='lat' dir='ltr'>explodens</span> <span class='ocrx_word' id='word_1_186' title='bbox 802 2222 940 2305; x_wconf 86' lang='lat' dir='ltr'>sclopum</span> <span class='ocrx_word' id='word_1_187' title='bbox 955 2223 986 2286; x_wconf 90' lang='lat' dir='ltr'>in</span> <span class='ocrx_word' id='word_1_188' title='bbox 1005 2223 1158 2301; x_wconf 81' lang='lat' dir='ltr'>clericum,</span> 
     </span>
     <span class='ocr_line' id='line_1_24' title="bbox 200 2311 1162 2396; baseline 0 -23"><span class='ocrx_word' id='word_1_189' title='bbox 200 2312 253 2393; x_wconf 90' lang='lat' dir='ltr'>qui</span> <span class='ocrx_word' id='word_1_190' title='bbox 267 2311 307 2374; x_wconf 93' lang='lat' dir='ltr'>ob</span> <span class='ocrx_word' id='word_1_191' title='bbox 327 2318 443 2374; x_wconf 87' lang='lat' dir='ltr'>metum</span> <span class='ocrx_word' id='word_1_192' title='bbox 465 2312 615 2373; x_wconf 89' lang='lat' dir='ltr'>exanimis</span> <span class='ocrx_word' id='word_1_193' title='bbox 632 2311 991 2396; x_wconf 79' lang='lat' dir='ltr'>eaderet‚1ieettgtobo</span> <span class='ocrx_word' id='word_1_194' title='bbox 1005 2333 1068 2378; x_wconf 90' lang='lat' dir='ltr'>non</span> <span class='ocrx_word' id='word_1_195' title='bbox 1086 2313 1162 2376; x_wconf 86' lang='lat' dir='ltr'>uttin-</span> 
     </span>
     <span class='ocr_line' id='line_1_25' title="bbox 201 2393 1160 2484; baseline 0 -22"><span class='ocrx_word' id='word_1_196' title='bbox 201 2393 333 2482; x_wconf 86' lang='lat' dir='ltr'>gcretur,</span> <span class='ocrx_word' id='word_1_197' title='bbox 345 2401 416 2481; x_wconf 89' lang='lat' dir='ltr'>quia</span> <span class='ocrx_word' id='word_1_198' title='bbox 429 2406 502 2462; x_wconf 89' lang='lat' dir='ltr'>tunc</span> <span class='ocrx_word' id='word_1_199' title='bbox 516 2399 732 2482; x_wconf 88' lang='lat' dir='ltr'>explodensest</span> <span class='ocrx_word' id='word_1_200' title='bbox 743 2419 834 2464; x_wconf 88' lang='lat' dir='ltr'>causa</span> <span class='ocrx_word' id='word_1_201' title='bbox 843 2419 898 2484; x_wconf 92' lang='lat' dir='ltr'>per</span> <span class='ocrx_word' id='word_1_202' title='bbox 908 2419 941 2464; x_wconf 83' lang='lat' dir='ltr'>sr-</span> <span class='ocrx_word' id='word_1_203' title='bbox 951 2401 1017 2464; x_wconf 90' lang='lat' dir='ltr'>talis</span> <span class='ocrx_word' id='word_1_204' title='bbox 1027 2402 1160 2476; x_wconf 63' lang='lat' dir='ltr'>laesionis</span> 
     </span>
     <span class='ocr_line' id='line_1_26' title="bbox 199 2487 1202 2572; baseline -0.002 -20"><span class='ocrx_word' id='word_1_205' title='bbox 199 2488 298 2571; x_wconf 62' lang='lat' dir='ltr'>arqui</span> <span class='ocrx_word' id='word_1_206' title='bbox 320 2487 587 2552; x_wconf 84' lang='lat' dir='ltr'>manusuiolentas</span> <span class='ocrx_word' id='word_1_207' title='bbox 614 2488 709 2570; x_wconf 84' lang='lat' dir='ltr'>injicit</span> <span class='ocrx_word' id='word_1_208' title='bbox 732 2491 764 2552; x_wconf 91' lang='lat' dir='ltr'>in</span> <span class='ocrx_word' id='word_1_209' title='bbox 781 2507 894 2572; x_wconf 89' lang='lat' dir='ltr'>equum</span> <span class='ocrx_word' id='word_1_210' title='bbox 917 2489 968 2553; x_wconf 90' lang='lat' dir='ltr'>cui</span> <span class='ocrx_word' id='word_1_211' title='bbox 993 2491 1020 2553; x_wconf 90' lang='lat' dir='ltr'>is</span> <span class='ocrx_word' id='word_1_212' title='bbox 1040 2489 1160 2564; x_wconf 90' lang='lat' dir='ltr'>insedit;</span> <span class='ocrx_word' id='word_1_213' title='bbox 1201 2493 1202 2496; x_wconf 75' lang='grc'>’</span> 
     </span>
     <span class='ocr_line' id='line_1_27' title="bbox 201 2575 1162 2660; baseline -0.002 -19"><span class='ocrx_word' id='word_1_214' title='bbox 201 2581 233 2641; x_wconf 84' lang='lat'>5·</span> <span class='ocrx_word' id='word_1_215' title='bbox 261 2577 314 2659; x_wconf 90' lang='lat' dir='ltr'>qui</span> <span class='ocrx_word' id='word_1_216' title='bbox 333 2575 447 2660; x_wconf 87' lang='lat' dir='ltr'>aliquid</span> <span class='ocrx_word' id='word_1_217' title='bbox 470 2578 712 2659; x_wconf 88' lang='lat' dir='ltr'>supradictorum</span> <span class='ocrx_word' id='word_1_218' title='bbox 732 2578 826 2658; x_wconf 89' lang='lat' dir='ltr'>lacit,</span> <span class='ocrx_word' id='word_1_219' title='bbox 854 2579 946 2641; x_wconf 86' lang='lat' dir='ltr'>etiam</span> <span class='ocrx_word' id='word_1_220' title='bbox 965 2581 1162 2644; x_wconf 85' lang='lat' dir='ltr'>consentiente</span> 
     </span>
     <span class='ocr_line' id='line_1_28' title="bbox 200 2666 1159 2750; baseline -0.002 -20"><span class='ocrx_word' id='word_1_221' title='bbox 200 2667 330 2739; x_wconf 86' lang='lat' dir='ltr'>clerico,</span> <span class='ocrx_word' id='word_1_222' title='bbox 355 2666 522 2729; x_wconf 90' lang='lat' dir='ltr'>dummodo</span> <span class='ocrx_word' id='word_1_223' title='bbox 541 2667 579 2729; x_wconf 90' lang='lat' dir='ltr'>sit</span> <span class='ocrx_word' id='word_1_224' title='bbox 601 2667 782 2748; x_wconf 90' lang='lat' dir='ltr'>injuriosum</span> <span class='ocrx_word' id='word_1_225' title='bbox 810 2666 909 2730; x_wconf 91' lang='lat' dir='ltr'>ordini</span> <span class='ocrx_word' id='word_1_226' title='bbox 936 2667 1067 2734; x_wconf 86' lang='lat' dir='ltr'>clericali</span> <span class='ocrx_word' id='word_1_227' title='bbox 1091 2669 1159 2750; x_wconf 86' lang='lat' dir='ltr'>(cap.</span> 
     </span>
     <span class='ocr_line' id='line_1_29' title="bbox 200 2755 1160 2838; baseline 0 -20"><span class='ocrx_word' id='word_1_228' title='bbox 200 2755 293 2818; x_wconf 85' lang='lat' dir='ltr'>Nemo</span> <span class='ocrx_word' id='word_1_229' title='bbox 306 2758 355 2825; x_wconf 86' lang='lat' dir='ltr'>li,</span> <span class='ocrx_word' id='word_1_230' title='bbox 372 2773 404 2836; x_wconf 89' lang='lat' dir='ltr'>q.</span> <span class='ocrx_word' id='word_1_231' title='bbox 419 2759 438 2818; x_wconf 82' lang='lat'>5</span> <span class='ocrx_word' id='word_1_232' title='bbox 445 2773 455 2831; x_wconf 83' lang='lat'>3</span> <span class='ocrx_word' id='word_1_233' title='bbox 470 2763 500 2816; x_wconf 90' lang='lat' dir='ltr'>et</span> <span class='ocrx_word' id='word_1_234' title='bbox 510 2773 576 2837; x_wconf 84' lang='lat' dir='ltr'>cap.</span> <span class='ocrx_word' id='word_1_235' title='bbox 588 2755 755 2838; x_wconf 62' lang='lat' dir='ltr'>contempit,</span> <span class='ocrx_word' id='word_1_236' title='bbox 769 2755 1160 2836; x_wconf 78' lang='lat' dir='ltr'>decertent.,eeoommunr&#39;c.);</span> 
     </span>
     <span class='ocr_line' id='line_1_30' title="bbox 201 2843 1162 2928; baseline -0.001 -19"><span class='ocrx_word' id='word_1_237' title='bbox 201 2845 264 2909; x_wconf 89' lang='lat' dir='ltr'>imd</span> <span class='ocrx_word' id='word_1_238' title='bbox 277 2843 403 2908; x_wconf 91' lang='lat' dir='ltr'>clericus</span> <span class='ocrx_word' id='word_1_239' title='bbox 416 2846 628 2920; x_wconf 87' lang='lat' dir='ltr'>consentiens,</span> <span class='ocrx_word' id='word_1_240' title='bbox 651 2863 688 2909; x_wconf 84' lang='lat' dir='ltr'>ex</span> <span class='ocrx_word' id='word_1_241' title='bbox 711 2845 819 2909; x_wconf 89' lang='lat' dir='ltr'>eodem</span> <span class='ocrx_word' id='word_1_242' title='bbox 840 2863 922 2928; x_wconf 85' lang='lat' dir='ltr'>cap,</span> <span class='ocrx_word' id='word_1_243' title='bbox 943 2847 1034 2911; x_wconf 87' lang='lat' dir='ltr'>etiam</span> <span class='ocrx_word' id='word_1_244' title='bbox 1054 2864 1162 2912; x_wconf 66' lang='lat' dir='ltr'>exortus</span> 
     </span>
     <span class='ocr_line' id='line_1_31' title="bbox 200 2932 1160 3006; baseline -0.003 -8"><span class='ocrx_word' id='word_1_245' title='bbox 200 2933 396 2998; x_wconf 86' lang='lat' dir='ltr'>urunicationi</span> <span class='ocrx_word' id='word_1_246' title='bbox 410 2932 522 3006; x_wconf 87' lang='lat' dir='ltr'>subest,</span> <span class='ocrx_word' id='word_1_247' title='bbox 534 2933 661 2998; x_wconf 85' lang='lat' dir='ltr'>sedhaec</span> <span class='ocrx_word' id='word_1_248' title='bbox 671 2937 842 2998; x_wconf 85' lang='lat' dir='ltr'>esttantirm</span> <span class='ocrx_word' id='word_1_249' title='bbox 851 2934 984 3001; x_wconf 85' lang='lat' dir='ltr'>ierendae</span> <span class='ocrx_word' id='word_1_250' title='bbox 994 2938 1160 3002; x_wconf 80' lang='lat' dir='ltr'>sententiae:</span> 
     </span>
     <span class='ocr_line' id='line_1_32' title="bbox 200 3023 1160 3105; baseline 0 -19"><span class='ocrx_word' id='word_1_251' title='bbox 200 3025 225 3086; x_wconf 92' lang='lat' dir='ltr'>si</span> <span class='ocrx_word' id='word_1_252' title='bbox 240 3030 342 3086; x_wconf 73' lang='lat' dir='ltr'>minen</span> <span class='ocrx_word' id='word_1_253' title='bbox 355 3040 521 3085; x_wconf 87' lang='lat' dir='ltr'>consensus</span> <span class='ocrx_word' id='word_1_254' title='bbox 539 3023 640 3086; x_wconf 88' lang='lat' dir='ltr'>clerici</span> <span class='ocrx_word' id='word_1_255' title='bbox 661 3024 793 3088; x_wconf 79' lang='lat' dir='ltr'>auferret</span> <span class='ocrx_word' id='word_1_256' title='bbox 811 3026 954 3105; x_wconf 83' lang='lat' dir='ltr'>injuriam</span> <span class='ocrx_word' id='word_1_257' title='bbox 975 3027 1016 3089; x_wconf 85' lang='lat' dir='ltr'>ab</span> <span class='ocrx_word' id='word_1_258' title='bbox 1034 3027 1160 3100; x_wconf 84' lang='lat' dir='ltr'>actione,</span> 
     </span>
     <span class='ocr_line' id='line_1_33' title="bbox 201 3108 1159 3199; baseline 0 -23"><span class='ocrx_word' id='word_1_259' title='bbox 201 3121 273 3194; x_wconf 86' lang='lat' dir='ltr'>puta</span> <span class='ocrx_word' id='word_1_260' title='bbox 286 3108 311 3174; x_wconf 88' lang='lat' dir='ltr'>si</span> <span class='ocrx_word' id='word_1_261' title='bbox 324 3115 452 3174; x_wconf 90' lang='lat' dir='ltr'>ctericus</span> <span class='ocrx_word' id='word_1_262' title='bbox 462 3116 577 3192; x_wconf 90' lang='lat' dir='ltr'>peteret</span> <span class='ocrx_word' id='word_1_263' title='bbox 590 3111 664 3176; x_wconf 84' lang='lat' dir='ltr'>caedi</span> <span class='ocrx_word' id='word_1_264' title='bbox 678 3113 716 3176; x_wconf 88' lang='lat' dir='ltr'>ab</span> <span class='ocrx_word' id='word_1_265' title='bbox 730 3113 788 3176; x_wconf 89' lang='lat' dir='ltr'>alio</span> <span class='ocrx_word' id='word_1_266' title='bbox 802 3119 837 3177; x_wconf 90' lang='lat' dir='ltr'>ut</span> <span class='ocrx_word' id='word_1_267' title='bbox 849 3133 902 3178; x_wconf 90' lang='lat' dir='ltr'>sua</span> <span class='ocrx_word' id='word_1_268' title='bbox 918 3115 1014 3178; x_wconf 88' lang='lat' dir='ltr'>lueret</span> <span class='ocrx_word' id='word_1_269' title='bbox 1027 3121 1159 3199; x_wconf 66' lang='lat' dir='ltr'>morata.</span> 
     </span>
     <span class='ocr_line' id='line_1_34' title="bbox 200 3199 1162 3280; baseline -0.004 -17"><span class='ocrx_word' id='word_1_270' title='bbox 200 3211 275 3265; x_wconf 89' lang='lat' dir='ltr'>tunc</span> <span class='ocrx_word' id='word_1_271' title='bbox 301 3199 574 3262; x_wconf 81' lang='lat' dir='ltr'>excommunicatio</span> <span class='ocrx_word' id='word_1_272' title='bbox 597 3220 659 3265; x_wconf 91' lang='lat' dir='ltr'>non</span> <span class='ocrx_word' id='word_1_273' title='bbox 686 3202 910 3280; x_wconf 78' lang='lat' dir='ltr'>incurreretur3</span> <span class='ocrx_word' id='word_1_274' title='bbox 935 3207 969 3266; x_wconf 81' lang='grc'>6·</span> <span class='ocrx_word' id='word_1_275' title='bbox 991 3204 1019 3267; x_wconf 87' lang='lat' dir='ltr'>si</span> <span class='ocrx_word' id='word_1_276' title='bbox 1043 3204 1162 3268; x_wconf 83' lang='lat' dir='ltr'>clericus</span> 
     </span>
     <span class='ocr_line' id='line_1_35' title="bbox 200 3288 1162 3376; baseline -0.004 -24"><span class='ocrx_word' id='word_1_277' title='bbox 200 3292 335 3371; x_wconf 88' lang='lat' dir='ltr'>seipsum</span> <span class='ocrx_word' id='word_1_278' title='bbox 348 3289 494 3370; x_wconf 88' lang='lat' dir='ltr'>percutiat</span> <span class='ocrx_word' id='word_1_279' title='bbox 508 3288 662 3368; x_wconf 79' lang='lat' dir='ltr'>injuriose,</span> <span class='ocrx_word' id='word_1_280' title='bbox 677 3309 715 3352; x_wconf 91' lang='lat' dir='ltr'>ex</span> <span class='ocrx_word' id='word_1_281' title='bbox 726 3291 839 3354; x_wconf 79' lang='lat' dir='ltr'>malitia</span> <span class='ocrx_word' id='word_1_282' title='bbox 848 3292 893 3354; x_wconf 88' lang='lat' dir='ltr'>vel</span> <span class='ocrx_word' id='word_1_283' title='bbox 908 3293 1059 3373; x_wconf 82' lang='lat' dir='ltr'>passione,</span> <span class='ocrx_word' id='word_1_284' title='bbox 1070 3292 1162 3376; x_wconf 83' lang='lat' dir='ltr'>plures</span> 
     </span>
     <span class='ocr_line' id='line_1_36' title="bbox 202 3376 1160 3458; baseline 0.006 -18"><span class='ocrx_word' id='word_1_285' title='bbox 202 3383 307 3458; x_wconf 89' lang='lat' dir='ltr'>putant</span> <span class='ocrx_word' id='word_1_286' title='bbox 320 3376 406 3440; x_wconf 91' lang='lat' dir='ltr'>illum</span> <span class='ocrx_word' id='word_1_287' title='bbox 420 3378 764 3441; x_wconf 85' lang='lat' dir='ltr'>excommunicationem</span> <span class='ocrx_word' id='word_1_288' title='bbox 787 3381 939 3442; x_wconf 91' lang='lat' dir='ltr'>incurrere</span> <span class='ocrx_word' id='word_1_289' title='bbox 947 3399 958 3456; x_wconf 72' lang='grc' dir='ltr'><strong><em>ς</em></strong></span> <span class='ocrx_word' id='word_1_290' title='bbox 974 3380 1028 3443; x_wconf 90' lang='lat' dir='ltr'>sed</span> <span class='ocrx_word' id='word_1_291' title='bbox 1041 3379 1160 3446; x_wconf 78' lang='lat' dir='ltr'>merito.</span> 
     </span>
     <span class='ocr_line' id='line_1_37' title="bbox 201 3465 1162 3552; baseline 0 -26"><span class='ocrx_word' id='word_1_292' title='bbox 201 3465 280 3542; x_wconf 76' lang='lat' dir='ltr'>iuxta</span> <span class='ocrx_word' id='word_1_293' title='bbox 295 3467 327 3528; x_wconf 89' lang='lat' dir='ltr'>S.</span> <span class='ocrx_word' id='word_1_294' title='bbox 338 3467 475 3547; x_wconf 83' lang='lat' dir='ltr'>Lignor.,</span> <span class='ocrx_word' id='word_1_295' title='bbox 488 3465 673 3530; x_wconf 88' lang='lat' dir='ltr'>contrarium</span> <span class='ocrx_word' id='word_1_296' title='bbox 687 3467 842 3548; x_wconf 87' lang='lat' dir='ltr'>probabile</span> <span class='ocrx_word' id='word_1_297' title='bbox 854 3468 980 3532; x_wconf 87' lang='lat' dir='ltr'>habetur</span> <span class='ocrx_word' id='word_1_298' title='bbox 997 3471 1016 3532; x_wconf 79' lang='lat' dir='ltr'>d</span> <span class='ocrx_word' id='word_1_299' title='bbox 1034 3467 1162 3552; x_wconf 91' lang='lat' dir='ltr'>pluribus</span> 
     </span>
     <span class='ocr_line' id='line_1_38' title="bbox 201 3552 1163 3637; baseline 0.009 -25"><span class='ocrx_word' id='word_1_300' title='bbox 201 3552 282 3627; x_wconf 78' lang='lat' dir='ltr'>aliis3</span> <span class='ocrx_word' id='word_1_301' title='bbox 294 3557 328 3613; x_wconf 78' lang='lat'>7⁰</span> <span class='ocrx_word' id='word_1_302' title='bbox 339 3555 390 3634; x_wconf 85' lang='lat' dir='ltr'>qui</span> <span class='ocrx_word' id='word_1_303' title='bbox 404 3553 535 3636; x_wconf 92' lang='lat' dir='ltr'>percutit</span> <span class='ocrx_word' id='word_1_304' title='bbox 546 3553 711 3636; x_wconf 79' lang='lat' dir='ltr'>clericum,</span> <span class='ocrx_word' id='word_1_305' title='bbox 726 3557 815 3618; x_wconf 87' lang='lat' dir='ltr'>etium</span> <span class='ocrx_word' id='word_1_306' title='bbox 830 3557 970 3620; x_wconf 89' lang='lat' dir='ltr'>meritum</span> <span class='ocrx_word' id='word_1_307' title='bbox 981 3604 990 3635; x_wconf 86' lang='lat'>,</span> <span class='ocrx_word' id='word_1_308' title='bbox 1003 3557 1029 3620; x_wconf 91' lang='lat' dir='ltr'>si</span> <span class='ocrx_word' id='word_1_309' title='bbox 1048 3557 1098 3620; x_wconf 88' lang='lat' dir='ltr'>liat</span> <span class='ocrx_word' id='word_1_310' title='bbox 1114 3569 1163 3637; x_wconf 81' lang='lat' dir='ltr'>pet</span> 
     </span>
     <span class='ocr_line' id='line_1_39' title="bbox 201 3642 1162 3728; baseline 0.007 -29"><span class='ocrx_word' id='word_1_311' title='bbox 201 3655 292 3719; x_wconf 86' lang='lat' dir='ltr'>quem</span> <span class='ocrx_word' id='word_1_312' title='bbox 316 3657 377 3702; x_wconf 90' lang='lat' dir='ltr'>non</span> <span class='ocrx_word' id='word_1_313' title='bbox 402 3642 501 3724; x_wconf 86' lang='lat' dir='ltr'>debet,</span> <span class='ocrx_word' id='word_1_314' title='bbox 528 3649 561 3706; x_wconf 89' lang='lat' dir='ltr'>ut</span> <span class='ocrx_word' id='word_1_315' title='bbox 587 3643 611 3705; x_wconf 86' lang='lat' dir='ltr'>si</span> <span class='ocrx_word' id='word_1_316' title='bbox 626 3650 724 3707; x_wconf 88' lang='lat' dir='ltr'>morto</span> <span class='ocrx_word' id='word_1_317' title='bbox 742 3643 854 3728; x_wconf 81' lang='lat' dir='ltr'>dignus</span> <span class='ocrx_word' id='word_1_318' title='bbox 870 3645 1015 3728; x_wconf 82' lang='lat' dir='ltr'>puniatur</span> <span class='ocrx_word' id='word_1_319' title='bbox 1033 3647 1052 3710; x_wconf 72' lang='lat' dir='ltr'>t</span> <span class='ocrx_word' id='word_1_320' title='bbox 1068 3644 1162 3724; x_wconf 82' lang='lat' dir='ltr'>judice</span> 
     </span>
    </p>
   </div>
   <div class='ocr_carea' id='block_1_5' title="bbox 0 0 1231 3984">
    <p class='ocr_par' dir='ltr' id='par_1_8' title="bbox 0 0 1231 3984">
     <span class='ocr_line' id='line_1_40' title="bbox 0 0 1231 3984; baseline 0 0"><span class='ocrx_word' id='word_1_321' title='bbox 0 0 1231 3984; x_wconf 95' lang='lat' dir='ltr'> </span> 
     </span>
    </p>
   </div>
  </div>
 </body>
</html>
