2504 3990
423 129 510 176 arose
537 127 671 176 rannus.
982 107 1040 171 383

90 244 162 295 6500.
178 259 193 295 a
210 243 235 294 1·
248 244 443 308 snspensionem
462 244 518 308 ipso
535 245 600 296 iacto
624 245 776 294 incurrunta
792 259 891 295 suorum
908 243 1041 294 bonefisio-

60 335 71 362 ι,
87 332 143 366 rum
155 316 323 379 perceptione,
335 317 370 367 sd
386 317 570 380 beneplacitum
587 317 609 364 S.
625 315 704 375 sedis,
728 314 840 378 Capitale
856 320 881 366 et
905 324 1040 368 conventus

60 388 287 439 aecclesiarumet
308 389 513 440 monasteriorum
538 389 630 450 aliique
654 401 748 442 omnes,
775 386 818 450 qui
832 387 864 436 ad
886 389 983 438 illsmm
997 401 1039 437 seu

59 460 189 509 citiorum
203 460 315 524 regimen
337 466 364 512 et
386 459 626 510 administrationem
644 458 769 521 recipiunt
789 457 921 521 episcopos
948 459 1039 509 aliosve

58 533 207 581 al’rselatos
221 533 252 582 de
272 532 392 594 praedictis
409 531 521 582 eeclesiis
546 545 590 581 seu
605 529 770 591 monasteriis,
791 530 856 593 apud
876 531 990 580 eamdem
1014 531 1038 578 s.

60 603 189 660 1611111111,
204 604 289 666 quovis
311 603 377 654 modi
397 603 518 666 provisos,
540 607 672 665 antequem
689 601 737 665 ipsi
765 601 924 650 exhibuerint
943 601 1038 652 litteras

59 693 71 715 1
89 674 234 736 apostolicas
246 675 329 726 desua
341 675 506 738 promotione.
518 674 544 724 li.
561 674 662 737 insuper
675 677 690 722 t.
703 673 722 732 1,
736 687 760 736 p.
777 671 833 723 691.

87 759 103 794 a
120 743 149 794 1ο
163 745 353 809 Suspensionem
363 761 406 809 per
419 747 555 796 triennium
571 760 586 796 a
608 745 741 795 collatione
764 745 880 795 ordinum
906 745 959 809 ipso
981 743 1037 808 jure

57 831 72 866 o
89 816 337 879 inenrmntatiquem
351 818 492 868 ordinantes
518 819 610 880 absque
625 817 695 866 titulo
712 815 829 866 beneiloii
846 817 885 866 rai
896 813 1037 880 patrimonii

58 903 72 936 n
89 903 146 938 enm
159 893 231 952 paeto
245 895 273 939 ut
286 889 415 940 ordinatus
428 904 476 940 non
490 895 557 954 petat
565 891 595 940 ab
612 889 673 952 ipsis
687 887 815 938 alimenta.

90 959 149 1008 sil·
164 961 355 1023 suspensionem
381 977 425 1024 per
448 975 541 1011 annom
562 961 596 1010 sb
618 960 732 1010 ordinum
752 957 964 1010 administratione
984 961 1038 1024 ipso

61 1029 145 1094 ajuro
159 1029 289 1082 incurrunt
311 1033 452 1082 ordinantes
467 1032 577 1083 alienum
601 1031 728 1082 subditum
751 1031 826 1081 etiam
851 1033 897 1082 sub
915 1036 1037 1096 pretextu

60 1119 72 1150 a
89 1103 205 1153 beneficii
220 1104 304 1153 statim
318 1103 472 1163 conterendi,
487 1109 529 1152 ant
542 1103 593 1165 jam
605 1101 701 1163 collati,
713 1102 756 1150 sod
768 1101 870 1153 minimo
882 1101 1036 1159 sufficientis,

60 1175 183 1237 »absone
205 1174 259 1238 ejus
274 1175 384 1238 Episcopi
402 1174 493 1225 litteris
514 1173 731 1236 dimissorialibus,
753 1175 792 1224 val
811 1175 886 1224 etiam
911 1173 1037 1222 subditum

59 1259 70 1291 1
88 1247 225 1310 proprium,
238 1246 280 1308 qui
296 1247 431 1296 atibitsnto
445 1251 554 1309 tempore
571 1249 679 1296 moratus
693 1245 727 1296 sit
748 1251 777 1296 ut
800 1245 945 1296 canonicum
960 1245 1038 1308 impe-

58 1331 71 1366 s
87 1317 227 1368 dimentutn
239 1317 383 1367 contrahere
392 1317 428 1366 ibi
444 1317 560 1381 potuerit,
575 1318 669 1378 meque
683 1315 806 1366 Ordinarii
818 1317 872 1380 ejus
887 1315 937 1367 loci
948 1316 1037 1367 litteris

57 1403 71 1437 o
87 1388 307 1439 testimonialibus.

86 1473 102 1509 s
118 1461 145 1509 i·
161 1459 352 1523 snspeasionem
368 1477 417 1525 per⁸
426 1475 519 1511 annum
532 1474 547 1510 a
560 1459 690 1511 collatione
701 1459 818 1510 ordinum
827 1458 880 1524 ipso
890 1459 946 1524 juro
956 1460 1037 1509 incur·

57 1547 68 1577 o
86 1532 119 1581 rit
130 1531 184 1593 qui,
201 1538 304 1594 excepto
314 1547 371 1582 casu
387 1533 491 1600 legitimi
506 1533 638 1598 privilegii,
654 1531 766 1582 ordinem
790 1547 887 1582 sacrum
905 1531 1037 1582 contulerit

56 1622 67 1647 1
85 1605 181 1664 absque
191 1603 263 1653 titulo
280 1603 392 1654 benetlcii
405 1607 443 1654 rel
456 1605 606 1668 patrimonii,
631 1603 719 1654 clerico
743 1603 769 1652 in
793 1603 876 1665 aliqua
900 1616 1035 1668 congrega-

56 1692 66 1720 1
84 1675 155 1726 tione
169 1675 270 1734 virenti,
291 1678 316 1724 in
341 1691 390 1738 qua
411 1677 529 1726 solemnis
552 1676 670 1740 professio
689 1689 740 1724 non
754 1673 882 1730 emittitur.
897 1675 936 1724 sel
961 1675 1036 1725 etiam

55 1760 66 1790 1
84 1747 203 1810 religioso
218 1747 326 1798 nondum
341 1749 458 1810 proieeso.

86 1819 138 1866 15·
165 1818 356 1881 suspensionem
382 1822 528 1883 perpetuans
551 1819 583 1868 ab
608 1817 725 1868 exercitio
755 1818 871 1870 ordinum
899 1814 952 1882 ipso
978 1816 1036 1882 inre

55 1903 68 1938 a
84 1890 218 1941 incurrunt
229 1890 338 1954 religiosi
352 1890 424 1954 ejecti
436 1896 504 1940 extra
515 1889 665 1952 Religionem
680 1889 807 1954 degentes.

83 1961 143 2012 116·
167 1962 359 2024 suspensionem
384 1963 415 2010 ab
440 1962 526 2010 ordine
545 1965 659 2022 suscepto
683 1960 738 2021 ipso
762 1959 819 2023 jure
839 1959 973 2010 incurrunt
992 1959 1035 2023 qui

55 2034 203 2084 neurndam
216 2033 327 2082 ordinem
346 2033 456 2094 recipere
482 2036 692 2094 praesumpserunt
714 2033 745 2082 ab
769 2031 981 2082 excommunicato
995 2033 1035 2082 vel

55 2123 65 2147 1
84 2118 217 2168 suspenso,
236 2103 274 2152 rel
288 2102 419 2151 interdicto
434 2101 580 2150 nominatim
595 2103 757 2162 denuntiatis,
768 2107 810 2152 aut
822 2104 852 2151 ab
868 2102 1035 2152 baeretioovel

55 2190 67 2222 1
84 2175 241 2226 schismatico
257 2174 353 2223 notorio
373 2188 378 2222 :
397 2187 455 2222 eum
467 2186 534 2232 vero,
548 2172 590 2235 qui
605 2175 669 2224 bona
682 2174 755 2224 fidaa
778 2173 893 2238 quopiam
903 2177 1036 2223 eorumest
1117 2172 1118 2176 ’

54 2259 68 2294 s
85 2246 221 2305 ordinatus,
233 2244 381 2294 exercitium
398 2258 447 2293 non
459 2243 550 2294 habere
571 2243 666 2294 ordinis
680 2245 717 2296 sio
742 2244 857 2308 suseepti,
885 2245 964 2294 donec
985 2243 1034 2295 dis·

55 2333 65 2360 s
83 2320 209 2379 pensatur,
220 2316 384 2384 declaramus.

36 2437 39 2443 p
84 2401 100 2436 a
116 2387 142 2436 'l‘
156 2387 243 2437 Clerici
260 2387 392 2438 seculares
407 2387 494 2442 exteri,
510 2387 575 2437 ultra
587 2386 604 2437 t
618 2401 717 2440 menses
733 2387 757 2438 in
780 2388 844 2438 llrbe
855 2393 1034 2439 commorantes

56 2475 67 2501 1
84 2459 189 2508 ordinati
203 2459 236 2508 ab
250 2459 300 2508 alio
312 2473 386 2521 quam
401 2459 432 2508 ab
451 2459 504 2522 ipso
516 2473 561 2508 suo
574 2459 704 2510 ordinario
725 2461 818 2523 absque
846 2459 946 2509 licentia
961 2461 1032 2510 01111.

55 2530 156 2581 ullrbis
176 2529 275 2590 Vicarii,
293 2531 331 2581 vel
352 2533 446 2594 absque
469 2531 560 2596 provio
581 2532 694 2582 examine
715 2545 798 2582 eoram
826 2532 913 2582 eodem
925 2536 1032 2594 peracto,

55 2603 212 2652 bretolium
229 2616 243 2651 a
263 2602 360 2665 proprio
384 2602 521 2663 ordinario,
542 2609 704 2666 posteaquam
722 2605 747 2654 in
767 2603 888 2667 praedicto
918 2607 1033 2656 examine

57 2689 71 2719 a
85 2673 171 2737 rejecti
186 2675 291 2725 tuerint:
310 2689 406 2725 necnon
416 2675 499 2724 clerici
513 2676 663 2738 pertinentes
673 2676 852 2738 adaliquame
874 2675 889 2724 6
905 2675 1033 2741 episcopa·

59 2761 70 2785 u
86 2746 152 2796 tibus
168 2745 352 2806 suburbicariis,
368 2747 390 2796 si
406 2746 550 2796 ordinentur
560 2753 630 2796 extra
647 2761 716 2798 snam
729 2747 869 2806 diaecesim,
881 2748 1033 2800 dimissoria·

56 2819 68 2854 n
85 2817 150 2868 libus
159 2819 199 2869 sui
210 2817 332 2869 ordinarii
348 2820 377 2867 sd
390 2819 466 2866 atium
482 2819 582 2868 directis
593 2833 667 2882 quam
680 2820 711 2870 ad
725 2819 795 2870 Card.
808 2819 879 2869 Urbis
891 2821 1032 2884 liiosrium;

52 2891 180 2940 nvelnon
194 2889 338 2954 praemissis,
352 2894 409 2940 ante
431 2891 544 2940 ordinem
570 2905 667 2942 sacrum
688 2891 883 2955 suscipiendum,
907 2893 1033 2944 exercitiis
1133 2943 1145 2965 ⁴

53 2961 248 3023 »spiritualibus
260 2976 302 3024 per
315 2963 400 3010 decem
418 2961 469 3009 dies
492 2961 518 3010 in
543 2964 615 3012 domo
638 2963 733 3012 urbana
761 2963 921 3014 secerdotum
943 2965 1033 3012 silis·

55 3033 152 3081 nsionc
174 3036 380 3096 nuncupatorum,
396 3032 582 3094 suspensionem
602 3033 633 3082 ab
654 3033 781 3084 ordinibus
808 3034 844 3084 sic
863 3033 985 3097 susceptis
1002 3033 1032 3080 ad

53 3115 68 3150 a
84 3101 294 3164 beneplacitams
306 3105 378 3154 sedis
393 3103 446 3167 ipso
470 3103 527 3167 inre
544 3103 674 3155 incurrunt
688 3119 694 3131 ·
687 3104 820 3170 ,Episcopi
831 3119 892 3156 vero
912 3103 1039 3176 ordinan-¹

55 3180 66 3216 11
83 3177 119 3220 tes
133 3175 165 3221 ab
179 3187 225 3222 usu
240 3175 420 3226 Pontitlcalium
430 3188 475 3238 per
485 3189 588 3227 annum.
602 3192 615 3223 1
1038 3185 1042 3203 ·

81 3243 148 3294 Adde
164 3251 190 3294 et
203 3248 388 3310 suspensionem
403 3247 434 3296 de
445 3261 494 3310 qua
508 3247 563 3298 int.
583 3247 627 3296 111.
637 3249 698 3312 App.
710 3259 749 3298 111.

80 3311 148 3364 6000.
165 3317 310 3369 Addamus
303 3331 404 3378 insuper
419 3317 460 3365 bio
477 3319 652 3376 suspensiones
669 3323 755 3369 contre
766 3315 903 3382 religiosos,
913 3306 1030 3368 ebinon

48 3389 201 3438 reservatas:
218 3403 332 3452 suspensa
346 3403 405 3448 ergo
414 3389 610 3452 suntrelrgsoss
626 3393 649 3439 1·
666 3395 783 3453 apostatae
797 3389 947 3452 recipientes
960 3389 1029 3439 ordi

48 3467 92 3506 nes
108 3458 132 3508 in
144 3461 288 3523 apostasia,
302 3461 328 3509 1
342 3460 499 3510 admittentes
513 3463 543 3510 ad
552 3461 729 3523 professionem
743 3460 1030 3523 antoannumprobatio·

48 3528 84 3578 nis
98 3536 250 3593 peraetnm3
266 3531 290 3582 3·
305 3532 560 3583 nooutcnteshabitu
577 3535 602 3582 et
615 3533 781 3588 vestitumodo
796 3531 843 3581 sibi
862 3532 1029 3608 praescripto;

48 3599 74 3648 1ο
85 3601 265 3658 introducentes
278 3603 417 3655 mulieres
409 3618 436 3654 to
454 3603 600 3654 monasteria
616 3603 656 3668 (S.
665 3604 745 3669 ligor,
755 3603 803 3656 lib.
820 3602 926 3667 ’1,310).
