2462 3984
423 269 510 318 ussa
529 271 663 320 manus.
973 256 1031 319 115

103 369 185 449 Rosp.
202 369 225 430 1.
246 369 290 430 Ex
303 366 391 430 variis
409 369 498 450 capit.
518 369 596 453 juris
614 369 751 434 canonici
770 369 892 452 (nempe
910 389 947 434 cx
960 389 1027 452 cap.

71 455 235 534 rorantis,
255 454 291 519 de
306 456 405 540 officio
419 456 496 528 orel:
508 477 575 542 cap.
591 458 745 537 Dilectuc;
755 479 822 542 cap.
844 458 918 524 com
932 475 1031 534 causa·

71 562 124 625 cap.
141 543 388 618 Sollicitudinem,
404 546 656 630 dcoppcllotion„
666 567 733 632 cap.
750 549 820 612 ch
832 549 1026 632 forocornpet.

68 633 93 694 in
105 637 144 713 6⁰,
159 639 189 698 61
201 653 269 718 cap.
285 635 416 698 Romana
437 635 473 699 de
485 636 641 720 appellat,
657 637 689 700 in
704 639 761 718 6⁰),
776 643 893 702 constat
911 641 1029 720 possea

67 721 250 806 suffraganeis
263 723 301 786 ad
314 723 579 808 Metropolitanum
594 725 736 810 appellari
748 727 781 789 in
794 727 1026 790 tribuscasinus:

66 830 165 894 nempe
179 817 210 875 1·
229 814 247 876 t
270 815 419 878 sententia
437 813 608 894 definitivt3
623 820 655 878 2⁰
669 815 708 878 ab
726 815 948 878 interlocutoria
969 816 1030 878 vim

64 900 236 967 definitivam
244 901 377 968 habente
391 909 420 984 ¹3
431 907 490 970 3⁰a
501 906 674 988 gravamine
684 904 768 988 quod
777 924 832 988 per
845 905 1030 968 definitivam

64 993 182 1072 reparari
207 1011 271 1058 non
296 999 414 1077 potest,
442 1001 476 1058 ut
498 994 836 1073 excommunicatione,
861 994 1030 1057 incarcera-

63 1081 152 1162 tione,
167 1089 225 1147 etc.
243 1083 403 1166 (Trident,
419 1103 493 1148 sesa.
511 1088 560 1165 13,
573 1101 640 1167 cap.
658 1087 688 1164 1,
703 1082 738 1146 de
755 1083 837 1166 rofi).
849 1081 924 1146 Vide
939 1101 1030 1166 supra

95 1263 179 1326 5195.
194 1299 234 1311 -
243 1267 281 1328 li.
297 1265 363 1328 Hoc
376 1271 421 1328 est
433 1265 594 1329 discrimen
606 1265 684 1329 inter
697 1283 802 1328 casum
816 1263 906 1346 quoa
920 1259 1028 1326 denni-

62 1347 112 1410 tirt
125 1353 310 1418 sententitet
323 1373 427 1418 casum
442 1373 503 1436 quo
513 1355 551 1417 ab
565 1355 788 1418 interlocutoria
801 1354 845 1416 vel
856 1353 1029 1434 gravamine

62 1439 321 1526 appellatur‚qultd
331 1444 363 1506 in
374 1445 466 1526 priori
477 1463 549 1507 casu
563 1445 749 1526 Metropolim
758 1443 878 1525 celcius
889 1441 1029 1504 Officialis

62 1529 149 1590 statim
162 1535 363 1597 constituatur
373 1533 467 1614 judex
480 1553 573 1598 consoe
588 1531 784 1617 principalis,
800 1532 831 1595 in
846 1534 904 1613 qut
920 1530 1030 1593 Suffra-

62 1635 165 1695 ganeus
185 1622 319 1707 ampliirs
344 1625 451 1706 nequit
474 1643 540 1686 sese
563 1624 745 1686 immiscere.
764 1624 799 1684 ln
819 1621 936 1684 caeteris
958 1621 1029 1682 vero

62 1707 186 1792 casibus,
201 1713 396 1794 Metropolim
416 1731 515 1776 causae
529 1713 704 1796 principalis
725 1729 788 1774 non
811 1709 845 1772 iit
862 1709 956 1792 judex
970 1709 1027 1771 nisi

63 1803 208 1880 postquam
222 1802 431 1885 pronuntiavit
444 1801 512 1865 tent
525 1802 616 1886 fuisse
628 1800 822 1884 appellatam.

95 1890 177 1954 5196.
199 1892 235 1955 Si
257 1897 361 1954 autem
383 1889 475 1974 judex
499 1894 516 1954 lt
539 1910 601 1974 quo
630 1890 796 1972 appellatur
825 1907 888 1952 non
915 1887 1030 1952 delerat

66 1976 397 2060 appellationiilicarius
404 1981 554 2062 generalis
563 1977 788 2058 Archiepiscopi
798 1977 1029 2059 appeliationem

66 2059 236 2132 tdetnitiva
249 2070 417 2151 recipiem,
432 2070 479 2132 vel
495 2069 535 2132 ab
551 2066 778 2130 interlocutoria
792 2071 844 2128 aut
857 2068 1030 2146 manamine

65 2145 131 2216 bene
141 2159 326 2242 appellatum
342 2159 563 2240 pronuntians,
578 2154 716 2219 inhibere
731 2157 829 2237 potest
842 2153 922 2217 dicto
933 2153 1028 2238 iudici

60 2243 137 2329 c'qco
150 2267 189 2312 ne
202 2249 286 2313 ultra
299 2249 330 2312 in
344 2252 436 2312 causa
451 2247 603 2329 procedat.
975 2253 979 2259 '

93 2341 176 2402 5191.
192 2341 264 2402 Νοιι
274 2346 375 2401 tamen
383 2344 480 2419 potest
489 2337 626 2400 Vicarius
639 2335 874 2418 archiepiscopi,
883 2337 1028 2399 existente

59 2424 244 2508 inprovincit
252 2427 318 2509 ipso
326 2426 571 2509 archiepiscopo,
579 2426 810 2509 prohibitionem
820 2423 1028 2486 monadicam

59 2513 146 2580 lacere
159 2519 219 2582 sub
236 2519 328 2600 poent
342 2516 675 2592 excommunicationis,
695 2521 816 2596 propter
830 2515 1027 2575 reverentiam

58 2603 185 2688 dignitati
200 2604 371 2689 Episcopali
386 2604 537 2680 debitam;
558 2604 610 2666 sed
631 2603 661 2666 id
675 2609 773 2683 posset
788 2601 844 2663 sub
858 2604 947 2682 poenlt
961 2620 1027 2664 sus·

59 2697 206 2773 pensionis
227 2695 273 2758 rel
299 2693 467 2768 interdicti,
490 2694 575 2776 juxta
598 2691 802 2773 Pellegrinum
825 2689 905 2772 apud
931 2691 1026 2754 Bouix

58 2781 116 2860 ta,
131 2805 161 2869 p.
179 2787 267 2864 520):
282 2784 362 2848 circa
376 2782 459 2865 quod
472 2787 575 2844 tamen
594 2781 661 2843 vide
681 2780 755 2862 quid
769 2781 906 2863 superius
920 2779 1027 2844 dixeri·

59 2888 119 2936 mus
131 2875 203 2953 831,
218 2874 301 2953 etc).
315 2871 392 2934 Vide
414 2872 506 2935 etiam
523 2871 630 2934 ibidem
645 2877 674 2932 et
688 2873 847 2951 1839811,
867 2870 1023 2954 atroce),

59 2959 136 3040 plura
149 2964 209 3028 alia
223 2963 260 3025 ad
271 2967 451 3046 presentem
465 2961 623 3023 materiam
637 2959 812 3043 spectantia.

94 3052 137 3115 ad
150 3052 280 3116 dubium
293 3057 394 3115 autem
407 3067 446 3114 on
462 3049 493 3112 in
507 3050 711 3112 archidioecesi
727 3050 821 3131 possit
834 3049 1026 3132 appellarint

59 3137 175 3205 Officiali
189 3141 362 3207 dioecesanc
376 3138 414 3203 ad
428 3138 591 3203 officialem
607 3139 871 3221 metropolitanum
889 3138 1025 3220 ejusdem

60 3231 294 3315 archiepiscopi,
308 3231 377 3294 vide
391 3228 465 3312 quid
475 3227 722 3312 respondendum
735 3229 773 3290 sit
786 3245 877 3309 supra
891 3229 982 3305 (661).

60 3454 76 3490 Γ
79 3387 93 3505 ἑ
98 3383 172 3522 ιξ135ιί11
188 3383 295 3451 intelligr
313 3383 403 3435 deceat
419 3381 626 3450 percontantium
645 3373 876 3438 interlocutoriam,
887 3373 944 3426 ride
960 3373 1024 3427 mira

60 3469 79 3517 ,a

440 3645 638 3666 -u-—n--n
