2462 3984
198 241 253 302 lii
416 251 553 300 utnrrxna
573 255 674 302 maroe
693 257 774 304 runis
794 255 944 302 cruenter.

144 419 147 424 ,
194 355 307 436 litibus,
331 355 367 420 de
385 356 452 420 delo
472 365 502 421 et
514 367 650 432 cortem„
667 365 697 422 et
719 376 757 422 ex
777 377 845 442 cap.
871 356 1111 435 contumetiam,
1133 354 1169 421 de

190 444 307 528 perric).

233 537 323 598 eurr.
341 537 468 602 Temere
487 544 589 602 autem
616 555 774 620 nunquam
796 543 936 603 censetur
958 536 1090 616 litigasse
1114 556 1169 618 qui

192 641 258 686 sese
271 623 406 688 defendit
419 626 450 688 in
460 629 550 691 causti
564 626 712 689 criminali
723 675 731 706 ‚
743 627 773 689 iu
788 629 850 710 qut
862 624 901 688 de
914 625 1170 707 poentsanguinis

192 711 237 775 vel
253 713 311 776 alia
328 715 464 797 eorporis
477 716 615 778 aillietivt
635 716 743 796 agitor.
759 719 821 780 Nec
844 715 895 798 qui
914 714 1025 793 justam
1044 731 1172 775 causam

193 799 298 869 habuit
319 803 477 886 litigandi,
500 809 610 886 putans
632 822 670 868 ex
694 803 834 886 gravibus
857 801 1018 866 momentis
1042 799 1102 864 sibi
1119 803 1174 881 jus

192 887 305 970 lavere;
320 891 402 956 uude
414 940 423 970 ,
437 893 553 957 etiamsi
568 889 696 976 uterque
710 893 944 965 condemnetur,
961 889 1000 953 ad
1020 906 1174 970 expensas

192 979 274 1043 alteri
287 982 362 1064 parti
374 981 577 1046 retundendas
592 1001 653 1044 non
667 989 738 1044 sunt
750 979 985 1045 condemnandi.

230 1067 1174 1152 taralnseeundoeavuseuinregionibustnqulbuslaceteeia

191 1158 361 1221 destituitur
375 1160 485 1222 auxilie
499 1159 612 1222 brachii
629 1161 796 1237 menteris,
811 1178 873 1222 nen
891 1157 1017 1221 inermis
1030 1166 1175 1222 remanet

189 1247 348 1326 judiciaria
362 1247 457 1328 ipsius
472 1255 612 1331 potestas.
759 1305 762 1314 .

233 1339 308 1398 Nam
323 1343 430 1418 praeter
444 1339 605 1400 sententias
621 1356 690 1419 quoe
704 1355 808 1400 secum
822 1337 1031 1400 executionem
1044 1336 1174 1400 trabunt

191 1424 229 1486 de
243 1425 354 1506 quibus
368 1424 500 1488 diximus
514 1445 605 1509 snpra
618 1429 730 1506 (5964),
746 1434 843 1510 potest
860 1427 950 1489 etiam
961 1425 1054 1504 judex
1068 1427 1172 1489 eccle·
1223 1495 1224 1508 ,

190 1514 327 1576 siastieus
341 1516 504 1578 sententias
517 1515 713 1598 depositionis
727 1516 765 1578 ab
784 1515 883 1577 officio
901 1515 980 1577 terre
994 1515 1025 1576 iu
1040 1513 1174 1580 clericos
1223 1511 1224 1540 ³

191 1607 219 1663 et
242 1603 452 1665 executionem
471 1622 577 1667 eorum
591 1605 728 1668 obtinere
748 1604 861 1686 absque
884 1604 994 1666 auxilio
1014 1604 1173 1668 saeeularis

191 1690 304 1754 brachii
319 1713 325 1752 :
342 1694 414 1754 cium
429 1693 554 1756 sufficiat
572 1693 609 1756 ad
624 1693 743 1756 illarum
761 1694 970 1756 executionem
984 1700 1018 1755 ut
1034 1695 1172 1775 pepidus

190 1779 368 1844 christianus
391 1799 442 1844 eas
462 1801 649 1866 cognescens
668 1801 730 1845 non
751 1788 885 1846 recurrat
904 1781 942 1844 ad
962 1782 1172 1848 ministerium

190 1868 362 1950 hujusmodi
376 1870 594 1953 depositorum.

230 1961 293 2022 lmd
308 1979 362 2042 per
375 1979 520 2024 censuras
533 1979 613 2044 saepe
623 1959 716 2041 judex
735 1958 951 2023 ecclesiasticus
964 1961 1074 2042 peterit
1086 1962 1171 2026 obti-

190 2065 262 2114 nere
277 2053 486 2112 executionem
501 2069 659 2132 poenarum
673 2049 915 2132 pecuniariarum
928 2057 980 2112 aut
992 2049 1138 2113 aliarum.
1222 2067 1223 2130 ς

228 2143 318 2202 5973.
334 2141 367 2200 lu
384 2137 477 2200 Galtit
491 2138 594 2201 baberi
609 2145 707 2220 potest
720 2138 810 2200 etiam
831 2137 922 2200 bodie
935 2138 1082 2201 auxilium
1099 2139 1170 2202 bra·

188 2227 247 2288 cuii
267 2227 419 2289 saecularis
442 2227 480 2288 ad
498 2227 710 2309 exequendum
733 2227 895 2290 sententias
916 2227 1119 2310 depositienis
1142 2239 1171 2292 et

188 2315 363 2396 privationis
377 2315 408 2376 in
423 2315 558 2377 clericos.
577 2317 622 2378 dd
633 2315 692 2379 boc
705 2315 815 2379 sufficit
832 2315 914 2398 qudd
927 2316 1097 2399 Episcopus
1114 2337 1170 2380 no-

187 2410 248 2463 tam
263 2402 351 2464 iaciat
360 2401 513 2466 Gubernio
523 2406 703 2468 sententiam
716 2408 775 2467 tse
787 2411 892 2466 contra
902 2404 1049 2468 clericum
1059 2405 1168 2469 latam.

188 2493 223 2553 m
237 2491 403 2555 siclericus
419 2495 437 2555 ὴ
451 2492 613 2575 parochiali
627 2495 754 2557 ecclesie
768 2500 799 2556 et
811 2493 997 2576 presbyterio
1006 2511 1069 2556 non
1085 2513 1174 2558 rece·

187 2579 252 2658 det,
278 2581 305 2644 vi
329 2581 449 2662 publiea
477 2581 621 2646 Gubernii
648 2583 789 2646 recedere
817 2589 958 2665 cogetur,
981 2590 1013 2645 et
1039 2583 1170 2666 insuper
1221 2661 1222 2670 ἵ

187 2670 392 2733 emolumenta
405 2674 423 2733 b
438 2671 591 2736 Guberuio
605 2675 736 2755 praestita
750 2673 806 2755 ipsi
817 2671 1015 2753 retrahentur,
1029 2679 1167 2736 attamen
1221 2687 1222 2704 l

187 2760 255 2822 rard
268 2757 333 2820 hee
347 2760 413 2822 sine
427 2761 529 2824 multis
542 2762 722 2843 ambagibus
735 2763 922 2828 obtinentur.

561 2939 716 2999 Pllrldltllt
737 2939 783 2999 111.

505 3077 543 3126 nx
563 3076 841 3125 rvraaurrronuus.

227 3223 317 3284 tall.
336 3217 503 3300 Appellatio
517 3225 562 3282 est
575 3219 747 3300 provocatio
760 3219 799 3282 ab
813 3218 954 3283 interiore
972 3221 1012 3282 ad
1024 3220 1163 3304 superio-

186 3328 250 3372 rem
262 3307 417 3390 judicem,
433 3307 549 3370 ratione
567 3307 651 3369 illoti
663 3308 709 3370 cel
722 3307 871 3390 inserendi
887 3309 1078 3390 pronominis.
1093 3311 1161 3371 Non
1220 3359 1221 3378 2

186 3405 282 3480 potest
295 3395 419 3478 quidem
433 3395 603 3478 appellarit
616 3397 788 3478 gravamine
794 3396 929 3477 judiciali
939 3398 1057 3474 iulum,
1072 3397 1102 3460 id
1114 3401 1163 3459 eet
1220 3397 1221 3432 l

186 3484 324 3546 nondum
350 3483 431 3546 illato
460 3503 514 3547 seu
537 3485 741 3562 comminato3
765 3485 819 3548 sed
849 3491 946 3568 potest
973 3485 1161 3568 appellari&

186 3571 358 3652 gravamine
376 3570 508 3647 judiciali
527 3572 711 3634 comminato
726 3575 803 3656 (cap.
821 3574 846 3637 C
847 3595 896 3637 um
914 3583 1040 3638 recente
1052 3579 1101 3650 60,
1120 3571 1160 3634 de

186 3655 318 3738 clipello,
329 3659 471 3738 quianon
481 3663 527 3724 est
541 3661 624 3726 mere
638 3659 785 3740 futurum,
799 3662 852 3729 sed
861 3663 947 3748 quasi
964 3677 1158 3746 presensper
