2462 3984
443 231 527 276 arom
548 227 680 278 nuntius.
994 215 1051 278 tte

69 331 161 412 plens
176 331 334 412 probati03
346 349 384 394 ex
399 329 528 412 ipsomet
536 331 619 393 enim
630 330 708 394 facto
721 329 852 413 publicas
863 325 1052 411 sdmaejudex

67 422 168 502 potest
183 419 222 482 ad
238 419 282 481 rei
298 419 472 483 citationem
487 419 661 502 proaedere.

111 509 143 571 Si
166 507 293 570 tandem
313 507 407 590 judex
431 527 484 591 per
506 509 585 570 viam
598 507 833 572 denuntiationis
846 509 1007 591 procedat,
1021 517 1053 575 et

68 605 207 662 versetur
229 601 262 659 in
283 597 403 662 casibus
427 597 540 679 quibus
561 615 598 660 ex
621 597 686 660 soto
708 597 809 660 tinctio
830 598 1052 664 denuntiatorio

69 687 190 768 absque
204 686 315 768 praevid
326 686 449 748 infamia
462 693 559 768 potest
574 686 754 770 procedere,
770 693 805 750 ut
817 705 908 770 snpra
920 689 1052 754 diximus

70 777 189 854 (2829),
200 782 319 838 tenetur
330 783 401 838 tunc
411 775 590 857 premittens
602 775 847 839 informationem
855 779 1051 842 summarium

70 870 106 926 ut
125 864 265 945 acquirat
279 864 414 926 notitiam
433 864 617 946 probationis
636 865 726 928 semi·
729 865 827 946 plenae
846 872 898 927 aut
917 865 1051 947 giavium

70 952 279 1029 indiciorum
295 971 352 1016 nec
366 952 466 1016 sine''
448 972 492 1050 ιιε1
499 971 587 1016 reum
600 959 697 1035 potest
712 953 805 1016 citare
818 953 889 1035 quia
906 953 955 1016 tex
965 961 1052 1018 netu·

70 1041 144 1103 ralis
164 1039 304 1121 prohibet
324 1060 363 1104 ne
378 1019 520 1124 cuiquam
539 1060 662 1126 gravem
676 1042 847 1106 molestiam
864 1040 972 1106 inierat
986 1046 1052 1108 sind

70 1133 168 1193 coust
183 1129 354 1194 sufficienti.

113 1219 278 1292 Quomodo
295 1227 397 1282 autem
414 1219 481 1283 tieri
498 1220 628 1285 debeant
647 1227 679 1287 ct
699 1219 885 1306 exequendae
906 1221 967 1286 sint
982 1224 1052 1287 cita·

72 1309 188 1386 tiones,
202 1307 270 1370 vide
283 1308 505 1372 Foamulcrr'um
518 1312 555 1374 D.
572 1310 685 1392 Bouix,
701 1332 732 1394 p.
748 1314 889 1376 saccas.

115 1397 278 1470 Quomodo
294 1399 365 1461 vend
378 1397 570 1463 examinandi
584 1398 645 1464 sint
655 1407 746 1464 testes
764 1407 793 1464 et
807 1400 1007 1465 instrumenta
1020 1403 1052 1465 in

72 1504 224 1569 processu
238 1485 457 1566 informatoris,
469 1488 536 1551 vide
549 1507 599 1571 ap.
612 1488 767 1566 eumdem,
778 1509 809 1571 p.
825 1493 964 1554 539544.

117 1579 210 1639 5889.
235 1609 275 1624 -
294 1575 331 1640 V.
354 1575 399 1640 De
417 1577 629 1659 compositione.
650 1579 831 1658 contingere
853 1586 950 1660 potest
969 1580 1052 1663 qudd

73 1683 164 1742 reus,
188 1671 352 1747 antequam
366 1664 496 1743 citetur,
518 1665 754 1731 adeatJudicem
774 1672 804 1728 et
821 1669 1052 1751 compositionem

74 1759 171 1838 petet.
192 1756 306 1832 Porro,
324 1753 382 1817 hoc
396 1755 605 1837 contingente,
621 1756 789 1838 Episcopus
800 1756 850 1834 J'us
864 1756 952 1819 habet
965 1758 1053 1822 illum

74 1845 199 1907 adeam
214 1843 405 1921 admittendi3
422 1843 475 1906 sed
495 1843 533 1906 od
545 1843 604 1908 hoc
624 1845 762 1906 Vicarius
777 1845 925 1924 generalis
938 1845 1054 1928 indiget

75 1931 201 2013 speciali
214 1931 413 2014 delegatione.
430 1933 569 1996 Consistit
582 1939 682 1996 autem
697 1933 865 2014 compositio
879 1935 910 1994 in
925 1952 961 1997 eo
971 1935 1054 2017 qudd

76 2021 250 2102 Episcopus
268 2021 423 2084 silentium
436 2022 605 2085 Promotori
621 2023 770 2102 imponat,
786 2020 950 2084 inhibendo
967 2023 996 2085 ei
1015 2041 1054 2086 ne

80 2109 160 2172 ultre
174 2108 336 2191 procedet,
350 2113 387 2174 ea
399 2110 573 2174 conditione
586 2116 688 2172 tamen
704 2116 737 2172 ut
752 2127 822 2171 reus
835 2108 929 2172 solvat
941 2117 1054 2177 certam

76 2199 220 2281 pecuniae
240 2215 395 2262 summam
416 2199 449 2263 in
469 2200 536 2284 pios
556 2217 631 2264 usus
652 2197 860 2281 erogandam:
881 2197 907 2262 si
920 2198 988 2282 quis
1001 2219 1054 2284 por

73 2287 226 2351 delictum
239 2287 343 2352 inisset
356 2289 464 2364 taesus,
481 2289 667 2353 necessarius
679 2295 725 2352 est
738 2289 804 2369 eius
817 2305 994 2354 consensus.

122 2399 140 2437 o
164 2377 324 2440 Advertere
337 2377 449 2441 debant
468 2377 608 2461 Episcopi
625 2377 707 2461 qudd
722 2378 900 2459 compositio
923 2397 985 2442 non
1001 2380 1054 2442 ad·

73 2491 91 2527 a
118 2466 252 2528 mittitur
269 2473 339 2530 ante
356 2466 541 2550 completum
558 2484 734 2549 processum
756 2465 999 2550 informationis,
1020 2487 1056 2533 sc

73 2579 91 2616 s
118 2555 200 2618 datis
213 2553 457 2634 defensionibus3
470 2561 500 2619 et
512 2554 593 2637 qudd
605 2601 615 2634 ,
629 2573 668 2618 eo
680 2554 849 2636 completo,
863 2560 938 2617 tunc
950 2555 1057 2618 admit

74 2669 92 2704 a
117 2644 197 2706 titur
205 2645 393 2726 compositio,
406 2644 431 2708 si
437 2643 579 2707 delictum
590 2663 653 2708 non
660 2647 706 2706 est
712 2643 840 2725 plene...
855 2642 1055 2722 probatum...

75 2756 92 2795 u
118 2735 198 2796 item
214 2751 277 2796 non
290 2733 527 2797 estsdmittenda
541 2731 573 2794 in
587 2732 766 2796 criminibus
775 2729 929 2814 gravibus,
945 2733 1057 2815 quibus

76 2845 93 2883 c
120 2839 215 2906 poens
226 2820 346 2904 dejure
362 2827 462 2885 taxata
475 2822 640 2904 reperitur,
661 2822 708 2884 vel
722 2825 877 2884 merentur
890 2821 1056 2904 depositio-

77 2935 95 2972 υ
121 2929 214 2985 nem,
229 2910 283 2980 vel¹
296 2911 485 2975 manifestata
498 2917 588 2990 sunt,
603 2917 654 2974 aut
666 2910 699 2973 in
713 2909 825 2994 quibus
837 2909 1005 2994 Episcopus
1017 2913 1057 2976 de

79 3025 95 3061 s
118 3001 190 3081 iure
203 2999 378 3083 dispensare
391 3019 454 3063 non
468 3006 576 3082 potest.
592 3003 707 3064 lteme.
720 2999 837 3062 etiamsi
850 3007 958 3081 sponte
971 3003 991 3062 a
1003 3019 1058 3064 reo

81 3113 97 3148 o
122 3089 285 3168 offeratur,
304 3090 423 3172 quoties
441 3089 474 3152 in
497 3107 638 3172 processu
658 3107 721 3152 non
737 3093 880 3172 appareat
896 3087 970 3170 quid
983 3087 1056 3151 suh·

79 3201 96 3238 o
122 3177 262 3242 dantiala
275 3179 432 3259 criminis,
446 3183 477 3242 et
490 3197 552 3242 non
566 3178 666 3241 adsint
678 3177 789 3241 indicia
801 3183 833 3240 et
844 3177 1055 3258 praesumptio-

79 3291 97 3328 υ
123 3286 219 3331 nes...
234 3274 287 3331 sut
296 3265 428 3332 semema
439 3267 464 3330 si
476 3267 558 3330 enim
566 3266 702 3331 iudex...
718 3268 784 3330 sine
797 3269 888 3328 cause
895 3264 933 3327 de
946 3263 1056 3328 delicto

79 3380 97 3416 a
122 3362 333 3438 componeret,
344 3355 473 3439 graviter
481 3363 628 3438 peccaret
636 3357 705 3420 »Ita
713 3353 872 3418 Monocelli
885 3373 935 3437 op.
946 3354 1054 3436 Bouix,

69 3445 116 3508 Da
130 3443 250 3514 lodic,
267 3451 344 3502 tom.
362 3441 394 3514 2,
410 3459 441 3542 p.
456 3439 527 3502 sat.

113 3529 205 3594 5890
218 3531 280 3606 Etsi
297 3529 381 3592 licita
395 3549 421 3591 sr
414 3529 503 3593 'haec
515 3527 699 3612 pecuniaria
711 3525 909 3605 compositio,
919 3527 1061 3589 accidere

72 3633 195 3708 potest,
211 3619 306 3682 hodie
336 3618 523 3700 pracsertim,
554 3615 718 3699 quddnon
748 3613 908 3694 expediet,
925 3603 1061 3694 edqodd

158 3739 250 3787 nm.
964 3719 984 3776 s
