2548 3988
90 335 95 344 ,
200 271 258 332 280
415 286 554 332 arnaria
574 285 674 332 rorare
695 283 777 330 roura
797 281 946 328 aaronica

239 391 281 451 lle
301 387 520 452 cohabitatione
541 386 720 452 clericorum
741 389 771 448 et
791 383 955 448 mulierum
974 379 1041 445 vide
1062 381 1163 457 (2090-
1266 373 1267 402 ³

198 480 298 558 auce).

566 767 713 868 carna
738 765 801 836 rv.

401 931 443 981 DE
466 929 610 980 nucleus
634 929 759 980 CONTRA
782 928 963 1012 JUSTll'lhll.
1074 972 1082 982 .

237 1075 325 1132 cata.
349 1069 501 1150 Praecipua
530 1067 702 1148 hujusmodi
725 1067 832 1132 delicta
856 1074 926 1129 sunt
947 1064 1166 1145 homicidium,

199 1158 306 1222 laisum
316 1205 325 1236 ,
337 1158 470 1236 turtum,
486 1177 594 1236 usura,
610 1164 668 1222 etc.

621 1336 702 1400 aar.
725 1335 748 1400 l.

514 1509 516 1516 ’
570 1489 607 1536 BE
628 1487 793 1536 uontctuto.

235 1629 326 1691 6273.
350 1625 549 1690 Homa'c'da'am
572 1633 619 1690 est
637 1629 748 1708 injusta
769 1625 903 1690 hominis
921 1625 1035 1691 occisio
1060 1655 1066 1691 :
1089 1625 1170 1691 aliud

197 1723 242 1780 est
254 1717 397 1800 simplae,
413 1717 535 1800 quando
556 1718 640 1780 nulla
651 1717 735 1779 adest
747 1717 973 1780 circumstantia
993 1718 1032 1779 ad
1049 1719 1170 1800 regulas

13 1807 14 1810 ’
79 1785 88 1865 J
148 1825 150 1830 ·
196 1825 317 1870 ntorum
332 1808 485 1891 pertineas
504 1825 514 1884 3
536 1805 618 1871 aliud
638 1815 682 1869 est
695 1805 921 1890 qaala'ficatam,
946 1806 1072 1888 quando
1088 1807 1119 1869 in
1134 1825 1171 1869 eo

196 1895 305 1960 adsunt
318 1897 549 1960 circumstantiae
569 1915 638 1978 quae
657 1913 766 1958 novam
784 1895 930 1977 adjiciunt
949 1895 1105 1976 speciem,
1125 1895 1170 1958 vel

196 2005 264 2068 quac
278 1987 357 2048 intra
369 1984 507 2049 eamdem
521 1986 653 2068 speciem
667 1986 783 2048 crimen
796 1984 965 2048 notabiliter
979 1993 1146 2067 aggravant
1160 2005 1168 2048 τ

195 2075 427 2139 circumstantiae
445 2073 619 2156 hujusmodi
633 2081 704 2138 sunt
717 2093 724 2135 ε
737 2075 767 2136 l⁰
779 2073 959 2136 machinatio
972 2074 1098 2155 quando
1111 2076 1170 2138 sci-

195 2163 265 2228 licet
273 2163 490 2248 praemeditatio
501 2164 617 2226 crimen
627 2162 795 2245 praecessit;
808 2167 838 2224 2⁰
846 2163 1035 2225 assassinium
1045 2165 1171 2246 quando

194 2254 407 2316 conducuntur
435 2251 488 2313 viri
515 2251 651 2314 scelerati
676 2252 715 2314 ad
744 2251 987 2316 interficiendum
1014 2253 1168 2336 aliquem3

134 2357 138 2364 ·
194 2345 226 2405 3⁰
234 2341 384 2423 proditio,
400 2339 523 2423 quando
539 2339 607 2423 quis
619 2359 673 2422 per
685 2339 790 2404 dolum
812 2341 1008 2420 interficitur3
1024 2343 1057 2405 4⁰
1068 2345 1171 2425 parri·

194 2431 314 2504 odiam,
331 2431 355 2493 si
366 2429 542 2494 occidantur
557 2437 695 2512 parentes
704 2436 756 2494 aut
769 2431 906 2512 cognati3
919 2433 951 2492 5ο
964 2431 1168 2513 aarrilepr'aaa,

195 2519 317 2603 quando
330 2519 477 2586 occiditur
487 2537 616 2603 persona
626 2521 690 2583 ltco
700 2538 801 2598 sacra;
817 2521 849 2583 6ο
861 2513 990 2582 duellam
1003 2567 1011 2598 ,
1024 2522 1050 2583 si
1065 2521 1096 2582 in
1107 2541 1171 2584 cer·

194 2612 307 2671 tamine
322 2609 464 2692 singulari
484 2627 520 2672 er
535 2609 675 2672 condicto
692 2616 831 2692 suscepto
850 2608 1021 2687 occidatur;
1037 2615 1070 2673 7⁰
1087 2611 1171 2674 abar-

195 2705 257 2774 tae,
270 2697 296 2759 si
310 2697 399 2761 foetus
416 2717 453 2761 ex
467 2705 554 2762 utero
572 2704 709 2761 materno
729 2699 909 2781 praemature
929 2705 959 2761 et
979 2698 1170 2782 culpabiliter

193 2785 346 2865 ejiciatur,
359 2787 400 2848 ita
412 2793 447 2849 ut
460 2803 542 2850 mors
553 2787 662 2851 exinde
676 2795 836 2870 aequatum
853 2791 884 2850 8⁰
895 2787 1047 2870 aaffoeotr'o
1057 2787 1166 2871 prolis,

189 2881 245 2938 aut
258 2875 351 2956 ipsius
365 2875 529 2956 expositio,
545 2895 615 2958 qua
631 2878 702 2940 satis
715 2877 938 2960 intelligentam
954 2881 986 2940 9ο
999 2875 1165 2939 aatocla'rla

193 2982 261 3047 quae
274 2969 319 3026 est
331 2966 378 3025 sui
391 2965 513 3027 occisio.
529 2999 569 3010 -
582 2966 747 3048 (hequem,
762 2970 839 3031 1383
853 2965 916 3046 dia,
932 2968 964 3028 3·
978 2965 1063 3046 edit.)

231 3056 321 3115 dall.
338 3051 542 3116 Homicidinm
553 3053 681 3138 simplae
695 3054 829 3118 inducit:
848 3059 878 3118 1⁰
891 3054 1164 3136 irregularitatemz
1266 3097 1267 3120 t

6 3105 7 3116 ἵ
72 3107 81 3120 ⁶
192 3141 280 3205 dcet
303 3141 394 3204 locuti
415 3159 521 3206 sumus
540 3162 631 3227 supra
656 3145 877 3226 (l8l0-l833);
899 3143 1016 3207 inducit
1039 3143 1167 3226 proinde
1266 3123 1267 3172 ³

192 3231 408 3294 inhabilitatem
421 3230 459 3293 ad
476 3231 621 3296 beneficia
635 3241 664 3295 et
677 3233 776 3295 officia
789 3233 989 3296 ecclesiastica
1003 3233 1165 3312 (trident,
1266 3295 1267 3298 ,

192 3340 265 3383 sess.
284 3325 341 3396 ll,
356 3339 423 3403 cap.
440 3325 470 3399 Ἰ,
492 3320 527 3384 de
549 3321 636 3406 νεὼς
653 3327 686 3384 2⁰
705 3321 864 3385 homicidae
886 3322 1047 3404 subjacent
1067 3339 1165 3404 poenae
1266 3353 1267 3360 ἒ

192 3410 512 3474 excommunicationis
533 3409 665 3474 serendae
688 3409 845 3474 sententie
868 3413 946 3493 (cap.
971 3409 1079 3494 ltaque
1104 3412 1163 3486 20,
1266 3399 1267 3474 Ϊ

192 3515 282 3559 caasa
295 3504 354 3578 24,
370 3519 400 3582 q.
417 3503 464 3578 3);
479 3503 511 3564 3⁰
525 3500 661 3582 privandi
676 3507 746 3564 sunt
764 3499 918 3563 beneflciis
936 3498 1022 3583 prius
1035 3498 1164 3562 obtentis
1266 3567 1267 3572 ἵ

37 3609 42 3638 .2
79 3569 87 3642 ’.
117 3661 118 3664 ¹
148 3602 150 3606 ¹
192 3589 222 3644 et
246 3589 330 3648 omni
354 3589 495 3652 exercitio
518 3607 673 3652 sacrorum
693 3589 845 3652 ordinum.
871 3591 914 3652 lta
928 3607 995 3674 cap.
1014 3588 1053 3652 Si
1075 3586 1163 3668 aaut·
1266 3587 1267 3672 j

192 3675 406 3750 caparacie.
432 3683 483 3754 50,
504 3698 540 3743 ex
560 3679 674 3744 Goncil.
701 3677 874 3761 agathensi,
900 3679 970 3743 anni
992 3681 1052 3744 506
1067 3696 1075 3736 τ
1093 3693 1110 3734 ¹
1131 3671 1162 3734 Si
1266 3759 1267 3778 ἦ
