2548 3988
209 233 265 295 366
369 241 371 244 ·
436 241 573 287 narnate
593 241 694 286 rorrus
713 240 795 287 runrs
816 237 962 288 canorum.

629 401 709 464 ART.
734 401 768 463 ll.

386 547 424 592 nu
448 547 540 594 runis
561 547 756 594 rmurcnnns
775 548 1007 597 rauronnnrnus.

253 683 342 744 6356.
366 681 561 744 Pmbarimus
575 699 665 764 supra
683 685 769 760 (5501
784 729 792 756 ,
808 685 878 760 etc.)
892 681 1058 746 Ecclesiam
1073 681 1189 746 habero

214 776 388 853 potestatem
403 770 576 851 hujusmodi
589 789 695 852 poenas
715 771 902 853 imponendi.
918 769 1083 852 Praeoipnoe
1097 789 1134 834 ex
1154 771 1189 833 iia

212 879 281 944 quae
295 860 394 924 adhuc
411 860 512 942 vigere
525 864 652 944 possunt
664 865 736 923 sunt
748 859 861 924 mulcta
875 859 1069 942 pecuniaria,
1084 859 1190 924 iucar-

212 951 323 1013 oeratio
341 949 514 1014 etenilium.
1046 967 1049 974 ·

252 1042 276 1104 Ι.
299 1039 412 1102 Maleto
421 1039 597 1123 pecuniaria
609 1045 654 1102 est
667 1057 787 1103 summa
801 1038 974 1122 pecuniaria
987 1039 1004 1100 l
1015 1038 1119 1120 judice
1131 1057 1189 1105 reo

211 1131 362 1213 imposita,
373 1130 404 1191 in
417 1129 578 1192 uindictam
593 1129 720 1208 alicujus
732 1127 842 1192 delicti.

252 1223 318 1282 Non
340 1226 436 1303 potest
458 1219 625 1301 Episcopus
639 1218 768 1281 mulctas
781 1219 972 1300 pecuniarias
984 1219 1031 1283 rel
1051 1219 1187 1303 aliquam

211 1309 344 1391 ipsarum
358 1315 473 1392 partem
487 1308 544 1370 sibi
565 1307 666 1389 aliquo
685 1307 777 1370 modo
794 1308 1009 1392 appropriare,
1031 1310 1121 1371 etiam
1145 1309 1186 1372 ad

211 1397 359 1480 stipendia
372 1397 433 1461 sive
449 1397 566 1460 Vicario
580 1415 635 1461 suo
652 1397 713 1460 sive
722 1397 906 1462 cancellario
919 1399 981 1462 sive
995 1397 1061 1460 aliis
1075 1399 1186 1462 minis-

210 1487 264 1549 tn's
277 1488 339 1550 suis
353 1484 511 1563 solvenda,
526 1486 579 1550 sed
593 1486 681 1550 debet
694 1505 745 1550 eas
758 1487 790 1549 in
806 1506 880 1551 usus
889 1487 956 1571 pios
968 1487 1084 1570 integre
1095 1488 1184 1552 adbi-

211 1577 293 1656 bere,
306 1579 391 1658 juxta
404 1577 577 1659 prascripta
589 1575 703 1640 Concil.
718 1575 852 1640 Tndent.
868 1579 952 1656 (sess.
968 1581 1023 1651 25,
1039 1596 1067 1642 c.
1083 1580 1125 1658 3).
1141 1581 1186 1642 lta

211 1667 324 1750 pluries
337 1665 473 1730 decisum
487 1665 577 1730 refert
596 1666 727 1730 Barbosa
741 1669 759 1730 a
774 1669 811 1730 D.
832 1667 976 1730 Stremler
988 1667 1058 1742 (Dea
1078 1669 1185 1736 Peinea

209 1757 322 1836 acoleo,
338 1777 367 1841 p.
384 1749 433 1835 66)
453 1757 572 1820 citatus.
588 1755 731 1831 Quinimb
750 1756 924 1838 hujusmodi
943 1756 1102 1841 pecuniae,
1125 1777 1184 1822 nec

210 1845 331 1911 lubrica
345 1846 548 1926 Gathedralis,
563 1865 622 1912 neo
635 1847 721 1910 sartis
738 1847 824 1910 tectis
838 1846 950 1910 adium
963 1847 1010 1911 vol
1023 1865 1181 1913 careemm

210 1937 445 2020 episcopalium,
466 1955 524 2001 nec
543 1936 651 2000 salario
664 1942 824 2000 cantorum
842 1935 983 2000 Ecclesia
1001 1936 1183 2001 Gathedralis

210 2034 262 2092 aut
283 2027 453 2111 depositarii
475 2027 648 2110 hujusmodi
670 2025 867 2104 muletarum,
892 2031 963 2089 sunt
981 2026 1180 2109 applicanda.

211 2118 261 2180 Sic
273 2120 383 2200 pariter
396 2117 532 2180 decisum
545 2117 634 2180 relerl
650 2115 729 2178 idem
744 2115 875 2177 Barbosa
888 2115 954 2192 (ib,
970 2136 1001 2198 p.
1017 2120 1080 2194 61).

250 2209 317 2269 Non
332 2213 491 2270 astantem
505 2205 668 2286 infligenda
681 2203 792 2266 mulcta
805 2205 996 2285 pecuniaria,
1011 2205 1069 2266 nisi
1084 2205 1116 2267 in
1130 2225 1179 2270 ca·

210 2293 294 2358 sibus
304 2295 414 2376 quibus
428 2294 534 2358 amalo
543 2294 694 2356 efficacius
705 2310 860 2355 removere
869 2292 948 2356 valet
958 2296 1052 2376 quam
1064 2303 1180 2361 catera

210 2403 320 2468 poenae.
339 2385 406 2446 Vult
417 2391 518 2447 tamen
532 2382 679 2459 Trident,
689 2383 757 2446 loco
770 2383 871 2462 citato,
883 2390 918 2445 ut
928 2384 1046 2464 Judices
1059 2385 1096 2448 ad
1111 2404 1181 2450 cen-

210 2493 296 2537 suras
322 2475 487 2558 praesertim
514 2472 857 2538 excommunicationem
885 2491 948 2536 non
976 2473 1097 2536 veniant
1120 2477 1177 2541 nisi

209 2565 294 2646 priirs
308 2563 447 2627 adhibitis
469 2565 567 2646 poenis
580 2561 797 2647 temporalibus
810 2563 835 2627 si
849 2563 897 2626 ha
914 2561 1072 2626 sufficiant.
1089 2566 1179 2630 Sacra

209 2660 311 2716 autem
326 2656 436 2735 Gongr.
459 2654 573 2718 Concil.
589 2655 738 2738 improbat
759 2652 842 2735 qubd
862 2670 918 2735 pro
935 2651 1051 2716 delictis
1070 2657 1177 2736 partun

210 2742 350 2824 gravibus
363 2761 499 2808 censurae
512 2745 724 2827 imponantur,
740 2741 793 2804 sed
806 2741 940 2825 ipsarum
951 2743 1018 2806 loco
1027 2742 1133 2807 suadet
1145 2754 1179 2808 ut

209 2831 321 2895 mulcta
342 2833 517 2914 pecuniaria
537 2839 641 2896 contra
667 2850 736 2894 reos
756 2831 945 2895 decernatur.
969 2835 1013 2895 lta
1037 2834 1178 2898 Stremler

208 2919 277 3002 (Des
299 2921 404 2988 Peines
426 2921 544 2999 coclea,
567 2940 598 3004 p.
622 2921 672 3000 61)
694 2925 762 3003 post
780 2921 970 3002 Fagnanum.
997 2923 1041 2986 Da
1067 2923 1175 2988 mulcta

210 3009 382 3093 pecuniaria
394 3009 517 3073 consule
527 3027 594 3094 cap.
609 3010 777 3074 Statcimua
787 3013 824 3074 35
836 3057 844 3088 ‚
855 3028 947 3074 causa
957 3013 1005 3088 16,
1021 3031 1052 3094 q.
1064 3016 1079 3074 l
1089 3031 1098 3090 3
1109 3031 1174 3096 cap.

208 3100 344 3164 Dilectus
357 3104 394 3177 8,
410 3101 445 3164 de
459 3099 548 3183 Offic.
561 3122 570 3179 ;
585 3119 653 3185 cap.
668 3100 835 3165 Poatulosti
845 3104 894 3178 ll,
909 3099 1081 3164 deluderis.

249 3193 340 3254 6356.
355 3224 396 3236 -
408 3193 444 3253 ll.
467 3190 678 3254 Incoreemtio.
694 3191 761 3254 Alio
779 3198 824 3254 est
834 3191 1017 3274 provectiva
1032 3210 1100 3273 qua
1116 3213 1175 3258 non

209 3279 299 3344 debet
319 3278 470 3362 prescribi
494 3280 552 3342 nisi
575 3279 796 3344 adsintindicio
814 3285 897 3343 certa
914 3281 1027 3363 quibus
1044 3282 1175 3346 criminis

209 3369 366 3432 existentia
379 3367 464 3432 valde
474 3369 665 3451 probabiliter
674 3375 809 3447 constat,
822 3375 853 3433 et
862 3369 920 3432 nisi
935 3369 1058 3454 insuper
1071 3374 1174 3437 merito
1264 3357 1265 3440 ἶ

209 3459 247 3519 sit
260 3459 430 3521 timendum
450 3476 490 3521 ne
503 3459 588 3521 aliter
601 3477 671 3522 reus
685 3459 846 3541 aufugerit.
863 3459 937 3521 Vide
957 3477 1048 3541 snpra
1065 3463 1173 3542 (5816).
1264 3443 1265 3524 l

250 3547 316 3608 Alia
328 3548 521 3630 estcfflietioa
530 3548 568 3612 ad
581 3567 673 3631 quam
686 3549 847 3612 damnatur
859 3566 931 3610 reus
943 3549 975 3610 in
987 3549 1100 3628 iudicio
1109 3571 1173 3615 con·

210 3633 313 3703 uictus.
342 3637 429 3713 Apud
452 3655 508 3700 nos
527 3636 617 3701 bodie
638 3636 813 3702 difficillime
832 3637 898 3701 brec
921 3656 1011 3719 poena
1034 3639 1065 3702 in
1089 3659 1173 3707 usum
1264 3697 1265 3732 r
