2452 3984
378 249 465 295 arnan
485 249 616 294 rannus.
936 233 995 295 249

30 365 42 404 r
62 345 142 423 verb,
157 343 362 426 provisiones,
377 349 450 422 etc,
472 363 548 426 quas
568 345 734 408 simoniaca
752 344 915 426 contigerit
928 345 995 408 laba

30 433 140 511 alieri,
164 437 196 495 et
217 448 286 514 quaa
315 431 430 496 viribus
458 430 585 496 omnino
611 439 752 510 careant,
778 434 810 496 in
838 433 991 507 ecclesiis,

29 546 42 582 a
63 521 267 600 monasteriis,
282 521 488 602 dignitatibus,
498 521 698 604 prioratibus,
713 521 823 586 oldciis
837 521 993 585 ecclesias·

30 611 141 689 ilicis,
161 617 192 674 et
214 611 371 692 quibusvis
391 609 567 690 beneflciis,
591 610 734 693 cuiquam
753 611 804 692 jus
822 611 994 676 nullatenus
1085 691 1089 698 .

30 700 273 782 »acquiratum

63 788 143 861 Quod
173 794 278 854 autem
310 788 461 853 sancitum
489 788 640 852 invenitur
671 788 705 850 in
733 789 796 851 fine
832 787 912 852 illius
937 791 994 850 Ex-

33 877 197 959 lravagunds
214 876 267 940 ubi
287 877 485 960 praecipitur:
509 877 687 941 «Omnibus
708 883 738 940 et
758 877 886 960 singulis
901 878 995 940 eccle·

32 987 43 1024 a
63 966 182 1028 siasticis
203 971 235 1028 et
256 965 467 1044 saecularibus,
484 967 517 1029 in
536 967 644 1030 virtute
663 972 774 1029 sancta
793 965 993 1044 obedientia,

31 1076 43 1112 n
63 1062 92 1116 ut
103 1074 154 1116 eos
167 1073 294 1126 omnes,
321 1073 398 1138 quos
416 1055 577 1118 simonium
593 1053 767 1134 huiusmodi
783 1053 991 1130 commisisse,

32 1165 43 1201 n
63 1144 103 1206 rel
117 1161 309 1226 procurasse,
326 1151 377 1208 aut
399 1143 579 1208 mediatores
591 1163 658 1207 esse
671 1143 832 1218 sciverint,
854 1143 993 1206 Pontilici

33 1257 43 1288 ι
64 1252 112 1313 per
124 1252 156 1296 se
170 1233 217 1296 rel
232 1253 286 1315 per
300 1233 374 1296 alios
386 1233 518 1296 revelare
532 1235 645 1316 quanto
659 1233 746 1296 citius
761 1253 823 1298 non
834 1233 991 1308 omittant,

32 1345 43 1378 a
64 1323 174 1384 etiamsi
189 1323 353 1404 complices
371 1322 521 1386 luerint...
540 1343 547 1384 :
563 1323 646 1404 quod
661 1323 685 1384 si
699 1341 762 1384 non
781 1322 924 1396 fecerint,
943 1321 993 1382 ab·

32 1433 43 1468 a
64 1412 130 1474 solvi
144 1429 208 1474 non
224 1412 358 1490 valeant,
374 1412 471 1476 donec
484 1412 627 1494 praedicta
638 1412 773 1474 revelent
787 1419 816 1474 el
828 1410 991 1491 complices

32 1501 165 1564 adelerii
187 1501 298 1564 arctius
320 1501 497 1583 puniantur.
522 1523 538 1560 a
556 1503 636 1579 Hoc,
659 1501 832 1584 inquimus,
855 1517 917 1562 non
939 1499 993 1561 luit

32 1609 79 1653 usu
92 1597 268 1674 receptum,
292 1608 350 1654 nec
363 1589 401 1653 ad
422 1590 451 1654 id
466 1591 615 1671 obligatur
636 1589 716 1654 ullus
731 1591 788 1652 nisi
811 1589 848 1652 sit
868 1587 994 1651 Curialis

32 1677 105 1741 Sedis
119 1677 309 1762 Apostolioae.
325 1682 368 1742 Ila
390 1681 422 1742 S.
445 1679 567 1760 Liquor.
583 1697 656 1742 curn
673 1680 739 1741 aliis
759 1678 898 1760 pluribus
919 1677 989 1760 (ib,

32 1779 60 1828 n⁰
72 1773 140 1846 lla,
155 1789 187 1850 q.
203 1772 241 1846 3,
257 1767 290 1829 in
303 1768 383 1850 fine).

64 1860 147 1920 olor.
170 1857 293 1930 Quaerit.
311 1861 361 1919 la·
378 1859 425 1919 dn
438 1856 545 1920 electio
558 1859 590 1920 S.
610 1855 763 1919 Pontificis
776 1855 942 1918 simoniaca
956 1855 995 1918 sit

33 1945 167 2008 invalida?

65 2035 148 2116 Resp.
164 2036 233 2097 Non
242 2033 426 2098 concordare
437 2035 470 2098 in
483 2033 542 2096 hon
555 2035 619 2096 DI).
634 2033 702 2095 :alii
717 2031 800 2094 enirn
815 2040 942 2112 negant,
961 2038 995 2094 ut

33 2123 128 2186 suarez
147 2130 178 2186 et
199 2123 249 2186 alii
270 2123 391 2205 plures,
412 2130 442 2186 et
460 2123 589 2206 probant
612 2140 650 2185 ax
669 2139 737 2204 cap.
757 2119 843 2183 Licet
858 2123 897 2196 63
913 2119 994 2180 allii·-

33 2219 105 2272 mant
121 2219 224 2275 tamen
238 2213 336 2275 verius
349 2259 356 2290 ,
368 2213 452 2292 juxta
462 2213 491 2276 S.
509 2212 631 2293 Liguor.
646 2210 712 2290 (ila,
725 2228 818 2294 qurer-
834 2209 875 2288 l),
889 2207 995 2270 Cabas·
1089 2285 1093 2292 ,

32 2307 82 2376 sul,
92 2301 499 2380 Bonaoin..lliva,etc.,cum
509 2300 711 2365 communiori
721 2297 918 2378 sententib,et
928 2317 996 2380 pro·

32 2385 93 2450 bant
105 2409 140 2452 er
161 2390 285 2472 capsi
299 2391 383 2474 quis,
398 2391 467 2453 dist.
483 2395 542 2468 793
559 2389 710 2452 etolariirs
724 2407 761 2451 ax
773 2387 889 2450 Concil.
911 2387 995 2450 Late

32 2493 88 2538 ran.
102 2481 144 2558 V,
159 2497 234 2542 sess.
250 2483 290 2558 5,
305 2479 357 2542 ubi
371 2480 481 2542 dicitur
497 2497 505 2540 t
525 2499 541 2538 r
554 2479 646 2542 Sacro
660 2477 846 2559 approbante
860 2475 995 2554 (lencilio

31 2569 219 2646 aslaluitur,
243 2575 277 2633 ut
305 2568 411 2632 electio
430 2567 558 2630 Romani
581 2565 735 2629 Pontiliois
757 2563 995 2647 parsimoniam

9 2695 11 2732 ς
30 2675 43 2710 a
67 2655 154 2736 iscla,
168 2676 205 2720 eo
220 2658 286 2739 ipso
304 2657 386 2721 nulla
407 2657 527 2734 existat3
543 2657 628 2720 etsie
646 2655 741 2718 electo
762 2653 845 2717 nulla
859 2652 891 2714 in
905 2653 994 2735 spiri-

9 2757 11 2762 ·
31 2765 44 2798 a
65 2747 191 2810 tualibus
204 2746 250 2809 vel
264 2745 480 2829 temporalibus
489 2745 637 2808 tribuatur
654 2743 816 2807 facultas.»
831 2744 894 2805 Nec
904 2741 993 2823 objici

31 2833 98 2896 ralet
110 2836 192 2918 quod
205 2835 338 2898 Ecclesia
348 2841 518 2900 remaneret
531 2835 727 2915 sin‘eGapile:
744 2850 815 2896 narn
832 2831 930 2914 posito
949 2852 995 2896 er-

34 2938 90 2984 rore
99 2923 255 2988 communi
264 2943 335 2986 oum
345 2924 431 2988 titulo
440 2923 590 3001 colorato,
602 2922 628 2984 si
637 2922 755 2985 occulta
763 2928 840 2986 esset
851 2921 992 3003 simonia,

36 3009 153 3074 Ecclesia
168 3013 322 3094 suppleret
332 3012 573 3093 iurisdictionem
589 3029 598 3072 ε
617 3031 633 3071 r
646 3009 752 3089 Unde,
767 3012 809 3074 ait
822 3013 854 3074 S.
869 3011 992 3092 Lignor.

36 3101 134 3180 alid,
158 3121 189 3184 q.
214 3102 269 3185 t),
292 3119 399 3164 omnes
421 3107 505 3164 actus
534 3099 708 3179 hujusmodi
731 3099 884 3162 pontilicis
916 3099 995 3161 bena

35 3205 48 3240 a
68 3198 150 3252 erunt
163 3189 270 3268 validi,
286 3192 394 3271 atejus
411 3189 604 3253 definitiones
626 3189 726 3252 adhuc
739 3188 926 3251 infallibilem
944 3187 995 3247 ha-

35 3274 177 3342 rbebunt
200 3279 427 3357 auctoritatam,
451 3285 486 3340 ul
504 3277 672 3342 declaratur
696 3278 767 3342 in...
794 3296 861 3357 cap.
891 3275 992 3352 Licea,

34 3383 49 3419 ι
68 3380 149 3429 secus
161 3367 185 3430 si
199 3367 328 3430 simonia
343 3373 422 3430 asset
433 3366 565 3451 publica.
581 3389 597 3426 a
612 3367 685 3428 Vide
701 3365 780 3429 dicta
789 3381 879 3445 supra
895 3360 992 3446 (682).

69 3455 152 3518 orae.
175 3457 297 3531 Quaerit.
314 3460 364 3518 ¹3⁰
378 3461 424 3518 dn
443 3455 529 3519 etoui
547 3455 585 3518 sit
596 3453 815 3518 restituendum
830 3451 994 3515 simoniaca

35 3547 204 3624 scapton?

72 3631 154 3714 ltcsp.
171 3643 200 3698 l⁰
216 3635 266 3697 Vel
285 3635 383 3714 agitur
396 3635 434 3697 de
448 3633 593 3710 spirituali
608 3631 773 3694 simoniaca
791 3635 931 3713 accepto,
947 3629 991 3693 vel
