2462 3984
186 195 244 252 llll
404 206 544 252 anxurus
564 205 665 252 novius
683 205 766 253 runis
786 204 933 252 canonica.

184 308 274 387 poent
288 303 482 387 privationis,
498 303 522 366 si
537 303 755 367 condemnatus
765 321 797 366 se
807 303 845 366 ab
858 303 959 384 aliquo
970 300 1161 366 acludcbeat

185 395 334 458 abstinere
348 442 355 472 ,
371 413 399 456 v.
420 414 449 477 g.
467 393 491 455 si
504 393 636 474 privetur
649 392 743 455 active
761 398 813 455 aut
826 391 942 474 passiva
954 409 1027 455 voce
1039 438 1048 470 ‚
1062 391 1090 452 si
1104 390 1152 454 de

185 482 314 546 claretur
327 482 467 546 inhabilis
480 482 518 544 ad
532 481 653 563 aliquod
668 480 813 559 officium,
826 487 884 545 etc.

226 576 317 636 5965.
340 607 380 619 -
400 573 436 635 ΙΙ.
459 571 564 645 Quoad
578 577 702 635 celeras
715 570 879 633 sententies
900 589 970 653 quae
983 571 1164 636 executione

189 660 341 742 indigent:
354 660 399 723 vel
414 667 519 742 agetur
531 659 569 723 de
579 660 752 741 regionibus
762 661 792 722 in
803 659 914 742 quibus
923 659 1056 722 Ecclesia
1070 659 1166 740 pleno

186 750 254 829 jure
276 750 402 832 potitur,
427 756 458 812 et
468 747 562 830 judex
581 749 799 812 ecclesiasticus
818 767 873 831 per
885 748 1044 812 brachium
1065 767 1162 811 secu-

189 837 251 901 lare
276 838 450 922 adjuvatur3
470 839 517 902 vel
537 839 576 902 de
596 838 773 922 regionibus
790 838 822 900 in
843 837 954 920 quibus
974 837 1034 902 hoc
1050 837 1166 901 auxilio

188 927 371 992 destituitur.

230 1021 264 1080 ln
268 1017 371 1100 priori
379 1017 610 1098 cosu,executio
619 1019 775 1081 sententiae
787 1017 851 1080 lieri
862 1015 985 1099 quidem
995 1015 1087 1079 debet
1096 1034 1169 1078 aue
1223 1065 1224 1070 .

191 1105 424 1188 toritateJudicis
433 1107 636 1188 ecclesiastici,
645 1106 698 1170 sed
711 1107 864 1191 potestatis
871 1106 1023 1170 saecularis
1029 1104 1169 1169 officium

192 1202 235 1258 est
248 1196 404 1277 providere
418 1203 452 1259 ut
460 1196 619 1260 efficaciter
628 1216 698 1260 suas
711 1196 873 1259 sententias
885 1195 1170 1278 judicesecclesias

192 1284 242 1348 tici
256 1284 294 1346 ad
305 1285 514 1348 executionem
528 1285 678 1349 deducere
691 1287 818 1350 valeant.

233 1375 264 1437 Si
279 1375 427 1438 sententie
441 1374 498 1438 luit
510 1376 623 1459 prolato
637 1377 654 1438 d
668 1374 770 1458 judice
783 1375 981 1440 ordinariam
1003 1376 1129 1458 priuati
1122 1395 1171 1437 rn-

194 1463 311 1542 atantie,
327 1464 365 1526 ad
383 1449 465 1529 hunc
472 1465 611 1567 judicem
625 1466 753 1548 pertinet
770 1467 927 1529 sententiae
946 1466 1088 1528 executio
1095 1459 1172 1548 ,qul

194 1561 290 1635 polest
299 1554 349 1616 val
364 1571 418 1636 per
437 1554 571 1638 seipsum
584 1554 630 1617 vel
645 1571 699 1637 per
712 1553 844 1636 aliquem
857 1554 976 1638 abipso
989 1555 1173 1637 deputatum

194 1642 325 1706 illamex
365 1643 407 1707 ui.

235 1732 319 1796 Idem
326 1662 377 1796 eeit
391 1732 555 1799 dicendum
569 1733 594 1798 si
609 1733 723 1816 prolata
737 1733 794 1797 luit
812 1735 830 1796 a
848 1734 985 1816 delegato
1006 1735 1102 1817 Papae
1121 1737 1176 1817 qui

195 1822 233 1885 ad
244 1821 304 1886 hoc
315 1829 410 1886 servat
420 1825 627 1886 auctoritatem
643 1841 697 1905 per
710 1841 827 1885 annum
844 1824 944 1904 (Gard.
962 1824 1076 1906 Sopita,
1092 1825 1173 1888 inst.

191 1913 258 1994 jur.
268 1913 363 1996 prin,
375 1913 471 1995 5223,
486 1913 590 1976 versus
601 1910 720 1994 linem).
732 1913 968 1977 controvertitur
983 1914 1086 1996 quoad
1099 1915 1178 1978 alios

196 2002 367 2084 delegatos,
389 2001 441 2083 qui
464 2007 566 2064 umen
582 2003 662 2064 certe
685 2001 767 2062 illam
781 2003 888 2084 exequi
908 2003 1008 2066 valent
1020 2002 1045 2065 si
1059 2003 1104 2065 ad
1118 2003 1179 2068 hoc

198 2092 324 2155 luissent
338 2091 505 2174 specialiter
516 2091 656 2173 delegati.
672 2125 712 2136 -
726 2089 756 2153 Si
770 2109 839 2155 reus
852 2093 1015 2174 privandus
1029 2092 1068 2155 sit
1084 2093 1180 2157 beoc-

199 2182 267 2244 lioio
281 2183 326 2244 vel
342 2180 439 2243 officio
453 2189 483 2244 et
497 2179 591 2260 judex
610 2198 672 2243 non
690 2180 729 2242 sit
741 2179 930 2260 ordinarius,
946 2181 1108 2246 mandabit
1122 2185 1181 2248 or-

198 2271 314 2332 dinario
328 2276 363 2334 ut
380 2275 546 2350 exequatur
558 2269 739 2332 sententiam
756 2270 844 2332 :vide
856 2268 935 2334 dicta
948 2289 1038 2353 supro
1053 2272 1180 2354 (5587).

200 2362 230 2424 Si
246 2361 325 2423 laona
339 2360 370 2422 in
385 2358 495 2442 quibus
509 2359 646 2422 executio
660 2369 705 2422 est
717 2358 855 2422 iacienda
875 2359 978 2422 sintin
1000 2359 1105 2425 alieno
1117 2371 1183 2426 ter·

200 2451 325 2529 ritorio,
340 2468 394 2513 seu
417 2447 474 2511 sub
498 2447 621 2512 alterius
631 2448 842 2529 iurisdictione
858 2495 867 2528 ,
881 2449 908 2512 is
927 2468 981 2532 per
994 2449 1120 2514 litteras
1134 2473 1184 2518 re·

200 2539 372 2625 quisitories
399 2540 444 2618 (ut
478 2541 596 2618 vocant)
633 2537 834 2620 requirendus
860 2538 916 2602 erit
941 2541 960 2603 tt
990 2539 1100 2620 judice
1127 2545 1183 2624 qui

202 2631 382 2693 sententiani
396 2627 479 2706 tulit,
494 2634 529 2690 ut
542 2629 606 2710 ipse
622 2625 760 2690 eamdem
775 2629 955 2690 sententiam
970 2628 1002 2691 in
1016 2648 1073 2693 suo
1086 2633 1184 2694 tervi-

201 2721 278 2781 torio
301 2717 409 2800 exequi
432 2717 513 2780 velit.
539 2715 629 2799 (Vide
656 2715 823 2794 Reiuenst,
847 2717 892 2780 De
913 2716 1028 2799 lodie,
1042 2719 1091 2782 tit.
1116 2724 1184 2800 27,

203 2821 236 2870 n⁰
253 2811 337 2890 167.)

244 2897 354 2960 Arbitri
370 2901 526 2980 nequeunt
539 2914 625 2959 suurn
636 2895 816 2958 sententiam
827 2896 957 2978 exequi,
972 2897 1027 2961 sed
1039 2899 1185 2964 executio

203 2989 242 3052 ad
253 2987 387 3069 judicem
401 2987 587 3050 ordinarium
603 2985 743 3067 pertinet.

245 3081 335 3143 5966.
359 3076 462 3150 Quoad
473 3074 651 3138 sententiam
663 3072 774 3154 judicis
786 3075 1006 3158 appellationis,
1015 3077 1060 3140 vel
1074 3085 1125 3140 est
1139 3096 1185 3138 rc·

207 3167 391 3243 formulario,
402 3171 432 3228 et
446 3170 520 3226 tunc
534 3163 670 3226 executio
683 3162 721 3224 ad
731 3162 814 3226 hunc
824 3164 960 3244 judicem
969 3166 1103 3247 pertinet
1111 3187 1121 3244 ;
1137 3167 1183 3227 vel

206 3267 251 3321 est
262 3253 496 3329 confirmatoria,
506 3257 536 3315 et
545 3251 773 3315 controvertitur
783 3253 861 3316 inter
870 3255 933 3315 DD.
945 3253 983 3316 ad
994 3273 1087 3337 quern
1098 3271 1183 3337 spec·

207 3353 249 3409 tet
261 3343 415 3408 sententiae
427 3341 573 3426 executio.
591 3340 666 3403 Vide
679 3359 728 3423 ap.
751 3343 788 3404 D.
805 3341 901 3405 Bouix
914 3344 956 3423 (p.
979 3347 1038 3406 239
1052 3349 1083 3406 et
1104 3348 1179 3418 240,

208 3441 282 3495 torn.
308 3439 345 3510 2,
366 3430 546 3508 ,Deludict
569 3431 660 3492 Juxta
674 3429 827 3494 Reillenst.
850 3431 905 3509 (De
921 3430 1035 3512 ludio,
1058 3433 1104 3495 tit.
1120 3435 1177 3504 28,

211 3530 242 3581 n⁰
263 3522 332 3598 235)
355 3519 492 3582 executio
511 3523 555 3581 est
573 3523 647 3580 tunc
666 3519 844 3582 remittenda
863 3519 901 3582 ad
918 3520 1053 3600 judicem
1066 3522 1083 3584 a·
1098 3537 1178 3601 quo:

213 3608 244 3667 in
267 3608 474 3685 probationem
489 3605 574 3669 allort
596 3623 663 3687 cap.
683 3605 722 3670 tlt
736 3607 850 3670 detritus
863 3613 920 3680 59.
937 3610 971 3673 de
983 3610 1109 3692 oipett,
1124 3609 1177 3669 ubi
