2466 4258
303 241 388 296 unsa
410 239 546 294 renrrus.
568 261 608 277 -
628 245 816 294 rrrnnmcus.
984 220 1040 290 '723

102 363 152 426 tu.
174 363 248 438 Quae
264 365 296 426 in
323 365 400 427 actis
424 365 638 438 continentur,
668 361 800 435 nemini,
816 379 857 423 ne
867 360 943 442 ipsis
969 361 1039 441 qui·

58 455 136 519 dem
149 455 338 534 conjugibus
349 473 524 536 eorumque
539 451 758 517 defensoribus
773 461 868 516 erunt
895 468 1040 516 commu·

60 543 201 607 nicanda
211 553 284 607 ante
299 562 461 626 processus
475 545 735 626 publicationem,
753 559 817 606 uno
831 550 960 620 excepto
977 559 1040 604 rna·

60 633 205 696 trimonii
234 632 410 709 defensore,
426 636 476 697 cui
499 635 634 698 liberum
648 632 880 713 eritsemperet
895 629 1041 714 quando·

60 731 279 803 cuniqueacta
295 724 451 805 inspicere
465 731 496 786 et
515 725 708 786 examinare.
1074 781 1075 784 ,

101 812 152 874 20.
169 811 329 885 Quatenus
345 831 418 876 vero
431 823 575 876 actorum
605 811 792 874 moderatori
808 817 862 872 aut
883 807 1041 874 defensori

61 903 258 966 matrimonii
285 901 374 964 nulla
399 901 460 964 alia
488 901 630 983 probatio
659 899 850 982 requirenda
885 899 1040 976 uideatur,

61 994 136 1054 linis
169 994 352 1075 imponatur
381 991 605 1072 probationum
620 989 810 1066 collectioni,
833 999 864 1052 et
878 1007 1052 1071 processus,

63 1081 257 1163 publicetur,
272 1081 357 1144 edito
380 1080 440 1142 hac
451 1097 544 1161 super
555 1098 589 1142 re
606 1079 741 1154 decreto,
759 1079 799 1140 ab
815 1080 882 1160 ipso
897 1079 1043 1144 modera-

64 1181 143 1245 tore,
160 1191 176 1233 a
191 1171 356 1234 defensore
370 1169 577 1246 matrimonii,
598 1179 628 1232 et
652 1167 874 1232 acencellario
904 1167 1043 1234 subscri-

63 1261 180 1322 bondo.

103 1348 153 1411 at.
170 1350 336 1414 Publicato
351 1367 513 1430 processu,
528 1349 618 1412 locus
634 1348 685 1411 fiet
700 1345 950 1426 defensionibus,
964 1367 1043 1432 quas

63 1439 221 1521 partesad
241 1459 297 1502 sua
317 1441 434 1502 tuenda
460 1437 621 1502 voluerint
646 1437 794 1520 allegare,
824 1439 905 1502 lacta
931 1437 1043 1502 iisdem

63 1529 214 1590 facultate
245 1528 417 1592 adhibendi
442 1546 495 1592 eos
523 1527 718 1606 defensores,
749 1545 829 1608 quos
845 1529 1039 1608 maluerint3

64 1620 130 1680 imo
153 1619 383 1696 praemonendae
397 1627 490 1680 erunt
504 1618 543 1680 de
558 1618 618 1680 hoc
642 1618 727 1697 jure,
746 1622 781 1678 ut
797 1617 859 1680 lata
875 1619 1041 1694 sententia,

64 1706 190 1785 iniustae
214 1715 322 1766 contra
336 1724 405 1767 eam
429 1707 617 1770 incusationi
638 1704 918 1770 autrccfamationi
937 1707 1044 1771 aditus

65 1793 291 1876 precludatur.
318 1795 528 1876 dilegationes
543 1807 649 1859 autem
672 1797 695 1856 si
722 1794 763 1856 ab
796 1794 907 1858 iisdem
931 1794 1045 1862 oblatae

63 1883 194 1954 luerint,
217 1884 489 1947 communicandae
517 1883 782 1948 eruntdefeosori
799 1883 917 1944 vinculi
939 1887 1045 1948 matri·

62 1972 225 2048 monialis,
255 1981 290 2036 ut
316 1991 368 2036 eas
390 1973 578 2055 expendere,
610 1983 641 2036 et
667 1981 825 2057 quatenus
850 1972 1044 2036 matrimonii

62 2062 259 2128 validitatem
281 2063 478 2145 impugnent,
496 2063 632 2127 refutare
654 2061 766 2126 voleat.

414 2331 538 2380 rttuttts
557 2331 703 2385 QUARTUS.

207 2475 250 2542 De
268 2477 423 2540 sententie
445 2475 614 2556 prolatione
634 2481 663 2538 ct
687 2475 900 2555 publicatione.

105 2677 156 2739 tt.
170 2673 325 2738 Omnibus
339 2682 479 2756 utsupra
493 2672 638 2755 peractio,
651 2672 888 2735 adsentantiam
904 2691 1045 2754 pronun-

66 2766 211 2828 ciandam
238 2763 430 2827 veniendum
465 2763 535 2825 erit.
558 2761 648 2837 Quod
678 2771 714 2825 ut
736 2761 775 2823 ab
803 2761 970 2838 Ordinatio
989 2781 1044 2824 sru

67 2853 291 2935 ejusdelegato
317 2855 377 2916 rite
391 2855 455 2928 frat,
473 2853 504 2914 in
534 2853 643 2934 primis
665 2871 683 2915 a
704 2849 867 2915 defensore
884 2855 1046 2914 matrimo·
1102 2893 1106 2902 ·

66 2946 110 3008 nii
136 2945 258 3026 exquiri
283 2943 375 3007 debet
394 2943 574 3014 declaratio,
604 2941 664 3004 sibi
691 2941 771 3005 nibil
791 2942 928 3024 amplius
946 2943 1046 3004 dedn-

65 3035 202 3098 cendum
237 3043 290 3100 aut
317 3033 754 3116 inquirendum-superesse;
784 3030 898 3094 deinde
926 3033 1046 3114 integra

66 3141 161 3186 causa
184 3125 309 3188 duobus
324 3133 377 3187 aut
394 3125 495 3187 tribus
510 3125 584 3187 viris
599 3123 717 3204 peritis,
735 3123 760 3184 si
783 3120 890 3184 haberi
913 3121 1044 3204 possint,

68 3211 279 3274 examinanda
303 3213 499 3294 subjiciatur,
516 3223 547 3276 et
563 3213 688 3278 nonnisi
712 3211 822 3275 audito
843 3229 954 3274 corum
974 3220 1046 3276 volo

67 3303 221 3364 sententia
238 3301 423 3382 proferatur.

108 3391 176 3454 llaec
189 3392 220 3454 in
236 3391 428 3471 seriptiserit
442 3393 612 3470 exaranda,
631 3395 662 3456 in
679 3412 779 3475 eaque
795 3392 955 3454 rationum
977 3410 1046 3453 rno-

70 3491 185 3558 menta‚
200 3481 317 3563 quibus
332 3482 493 3560 innititur,
514 3502 551 3544 ex
567 3502 714 3564 processu
745 3484 933 3564 deprompta
955 3501 1048 3564 erpo-

70 3581 194 3648 nantur,
213 3572 373 3635 succincte
392 3571 534 3654 quidem,
558 3575 613 3634 ned
634 3573 676 3634 ita
692 3581 811 3648 tamen,
829 3591 868 3634 ne
881 3571 1045 3654 quidpiam
