2504 3990
198 203 262 272 318
421 217 560 267 utrumn
579 217 680 268 romu
699 219 781 268 rums
804 219 952 268 orrorrcr.

194 321 339 386 Stremler
360 317 472 402 (11.1).
488 323 557 400 300)
578 320 736 404 suspensio
749 320 787 382 od
806 319 907 404 officio
921 323 1015 405 privet
1029 323 1171 388 distribu-

195 410 348 488 tionibus,
362 410 434 472 clrm
448 409 605 492 prohibeat
622 409 824 473 assistentiam
841 411 873 473 in
887 412 999 476 choro:
1014 413 1173 496 suspensio

196 500 297 563 verdt
314 498 463 562 beneficio
475 498 570 581 privet
592 497 851 564 distributionibus
865 501 884 563 d
900 499 1051 564 beneficio
1065 521 1172 584 prove·
1231 527 1232 554 r

197 587 349 652 nientibus
363 606 425 650 non
439 589 509 651 rerd
523 588 562 650 nb
572 587 648 651 oliis.

236 681 326 741 6518.
350 679 520 761 Suspensus
534 677 710 759 simpliciter
720 696 774 743 seu
783 677 875 743 modo
884 678 1022 744 absoluto
1034 687 1175 745 censetur

197 785 361 850 suspensus
381 766 419 830 nb
445 765 544 830 officio
571 771 602 828 et
628 766 786 832 beneficio.
811 771 983 852 Suspensus
1009 769 1049 832 ab
1070 771 1176 834 ordino

197 857 383 940 simpliciter,
395 861 535 918 censetur
547 873 711 936 suspensus
722 855 760 918 ob
780 857 864 920 omni
878 857 1000 936 ordinc;
1017 858 1096 922 sicut
1110 878 1175 922 sus-

197 964 309 1029 pensus
323 948 340 1008 t
358 944 507 1008 beneficio
526 962 692 1026 suspensus
706 953 847 1010 censetur
860 947 899 1009 ab
912 947 997 1010 omni
1012 947 1175 1026 beneficio,

198 1036 256 1100 uisi
271 1035 352 1098 eliud
365 1038 493 1097 constet.
510 1035 553 1111 (S.
568 1033 704 1115 Lignor.‚
720 1033 775 1112 iu,
788 1039 821 1097 10
835 1039 931 1118 018⁰.)

238 1127 409 1206 Suspensus
427 1122 466 1184 eb
478 1121 577 1186 officio
590 1123 765 1205 simpliciter
785 1143 847 1186 non
862 1125 1037 1208 intelligitur
1051 1145 1177 1211 suspen

199 1233 250 1278 sus
264 1215 281 1274 d
296 1211 454 1289 beneficio,
470 1229 523 1274 seu
537 1209 682 1274 fructibus
696 1213 780 1292 eius:
795 1212 884 1277 debet
898 1219 1001 1280 temen
1013 1234 1069 1298 per
1083 1217 1178 1280 alium

199 1301 339 1385 supplere
353 1301 435 1382 quod
449 1319 503 1384 per
524 1319 557 1363 se
577 1299 676 1363 tacere
691 1303 812 1384 nequit,
827 1309 862 1366 ut
874 1302 990 1368 fructus
1003 1307 1156 1388 percipiat
1171 1325 1177 1368 :

199 1393 240 1454 ita
261 1391 480 1469 communiter,
500 1408 622 1471 excep.
643 1390 727 1453 Inter
741 1393 798 1468 10,
814 1391 859 1454 De
878 1402 999 1475 purpot.
1019 1413 1125 1457 conon.
1143 1431 1180 1442 -

200 1481 311 1564 Excipe
326 1483 357 1542 10
378 1480 436 1542 nisi
449 1479 565 1542 crimen
586 1481 625 1541 sit
645 1496 771 1542 enorme
784 1482 861 1562 (cnp.
878 1482 970 1564 eod:);
986 1487 1019 1544 80
1033 1483 1092 1546 nisi
1110 1504 1181 1548 reus

201 1569 382 1636 insorduerit
395 1587 449 1652 per
467 1587 583 1631 annum
609 1569 804 1647 incensum,
825 1569 1077 1654 uthnbeturcap.
1105 1573 1181 1637 Cirr

201 1657 291 1736 doooe,
306 1657 437 1721 deciate
449 1665 479 1720 et
491 1656 645 1740 quolitot„
661 1663 719 1720 etc.
736 1659 778 1736 (S.
794 1657 874 1739 Lig„
888 1659 944 1734 iu,
960 1663 1014 1736 30).

239 1751 313 1811 ltcm
328 1765 492 1830 suspensus
505 1746 543 1809 ab
556 1745 663 1808 ordine
676 1753 795 1809 nonest
808 1765 972 1829 suspensus
983 1750 1000 1811 t
1015 1749 1180 1830 beneficio,

199 1838 270 1902 cirin
298 1839 388 1901 etism
410 1836 594 1900 beneficium
612 1854 675 1898 non
693 1835 836 1898 tundetur
850 1837 883 1898 in
901 1837 1028 1914 ordine;
1044 1845 1181 1902 attamen

200 1919 344 1992 indirecte
368 1925 562 2008 suspenditur
579 1924 618 1987 nb
638 1927 704 2005 ejus
728 1924 896 1998 fructibus,
922 1927 993 2008 quio
1015 1926 1090 1990 dum
1117 1949 1181 1993 non

200 2023 297 2100 potest
310 2018 436 2100 implere
445 2014 593 2093 osticium,
604 2031 662 2078 nec
670 2013 760 2076 etium
769 2013 883 2078 tructus
895 2020 995 2100 potest
1006 2017 1180 2099 percipere.

200 2105 337 2188 (Ibidem,
362 2109 420 2186 40.)

238 2201 327 2260 0519.
351 2194 515 2277 suspensio
528 2195 547 2256 0
560 2191 707 2256 beneficio
720 2192 780 2254 late
797 2195 815 2255 lt
827 2193 895 2272 jure
907 2194 1065 2258 communi
1079 2197 1181 2278 privet

200 2287 290 2349 etiarn
313 2287 330 2348 t
349 2283 504 2347 beneficiis
523 2300 592 2365 qnae
612 2280 804 2364 possidentur
822 2283 855 2344 in
868 2283 955 2346 variis
969 2283 1179 2362 dioecesibus;

199 2375 224 2438 si
238 2375 308 2437 verd
317 2372 357 2436 sit
364 2373 424 2436 lato
435 2389 490 2455 per
503 2376 648 2434 statutum
662 2369 868 2434 dioecesnnum
882 2372 978 2453 privat
990 2373 1111 2435 tontum
1128 2374 1181 2437 be·

200 2462 393 2544 neficiisquae
403 2461 435 2524 in
446 2461 566 2544 proprie
577 2459 698 2521 dioecesi
709 2459 900 2541 possidentur
914 2480 922 2522 ι
938 2461 996 2523 leta
1009 2467 1113 2524 tomen
1126 2483 1181 2544 per

199 2554 378 2617 sententiam
396 2552 492 2634 privat
510 2551 601 2614 etiam
619 2547 775 2611 benefieiis
793 2549 900 2612 eliense
913 2548 1069 2629 dioecesis,
1084 2554 1180 2614 modo

196 2643 291 2723 judex
308 2641 456 2724 exprimat
474 2639 556 2722 qudd
569 2638 640 2701 velit
662 2637 847 2720 suspendere
870 2639 908 2702 ab
928 2639 1071 2702 omnibus
1084 2639 1180 2704 bene-

201 2729 297 2810 ficiis,
318 2731 389 2813 quin
412 2729 483 2792 licet
501 2726 647 2791 beneficio
661 2725 799 2789 dioecesis
821 2733 970 2790 extranee
992 2745 1055 2790 non
1075 2729 1178 2810 subja-

109 2866 127 2874 „
199 2826 288 2883 ceant
304 2819 414 2900 judici,
434 2817 489 2900 ipsi
500 2823 601 2880 tomen
623 2815 757 2895 subjacet
772 2835 901 2898 persona
918 2816 1055 2897 suspensi
1069 2817 1121 2896 ius
1139 2820 1177 2880 od

199 2908 278 2973 dicta
292 2909 438 2972 beneficia
446 2905 595 2970 habentis.
611 2907 641 2968 S.
657 2904 793 2986 liguor„
808 2916 843 2967 n·
855 2909 930 2984 310,
945 2903 1014 2968 dod.
1025 2909 1056 2969 8.

241 3002 329 3064 0580.
352 2997 432 3062 Noto
457 2994 540 3081 qudd
562 2995 774 3076 suspensiones
793 2997 811 3056 t
836 2995 905 3074 iure
928 2993 995 3056 latre
1016 3013 1176 3076 nusquam

199 3091 364 3173 Episcopus
386 3087 534 3168 attingant
555 3084 613 3146 nisi
633 3083 672 3146 de
695 3083 732 3145 iis
756 3081 809 3145 nar
825 3083 941 3145 mentio
960 3101 1114 3166 expresso.
1135 3088 1175 3147 lto

199 3197 267 3262 cup.
285 3177 360 3255 Ouio
371 3175 578 3261 periculosum,
593 3171 766 3236 decertent.
781 3191 935 3250 ecromm„
951 3173 982 3236 in
998 3175 1042 3236 6⁰.

239 3272 330 3332 6881.
353 3265 524 3350 Capitulum
547 3281 610 3326 non
637 3269 734 3344 potest
754 3261 898 3346 suspendi
916 3263 935 3326 0
954 3249 1082 3340 divinis,
1105 3263 1174 3344 qnia

200 3357 369 3422 functiones
388 3355 503 3420 ordinis
522 3352 561 3416 cd
581 3351 736 3416 individuo
755 3351 922 3434 pertinent,
939 3369 1003 3416 non
1020 3359 1122 3415 nutem
1135 3351 1173 3414 od

200 3447 461 3509 communitatem.

241 3536 330 3593 0581.
354 3535 506 3614 Suspenso
519 3537 621 3594 numm
642 3530 773 3612 capitulo
785 3533 832 3594 vel
848 3537 1013 3611 conventu,
1029 3549 1170 3614 suspensa

203 3634 265 3680 non
287 3627 447 3684 censentur
461 3620 580 3701 singulo
602 3619 695 3700 ipsius
714 3619 852 3684 membra
874 3620 933 3684 nisi
946 3621 978 3682 in
992 3621 1081 3696 culpt
1095 3621 1168 3684 sint:
1231 3663 1232 3720 p
