<?xml version="1.0" encoding="UTF-8"?>
<!DOCTYPE html PUBLIC "-//W3C//DTD XHTML 1.0 Transitional//EN"
    "http://www.w3.org/TR/xhtml1/DTD/xhtml1-transitional.dtd">
<html xmlns="http://www.w3.org/1999/xhtml" xml:lang="en" lang="en">
 <head>
  <title>
</title>
<meta http-equiv="Content-Type" content="text/html;charset=utf-8" />
  <meta name='ocr-system' content='tesseract 3.04.00' />
  <meta name='ocr-capabilities' content='ocr_page ocr_carea ocr_par ocr_line ocrx_word'/>
</head>
<body>
  <div class='ocr_page' id='page_1' title='image "./manualetotiusju02craigoog/manualetotiusju02craigoog_0051.png"; bbox 0 0 2526 3988; ppageno 0'>
   <div class='ocr_carea' id='block_1_1' title="bbox 198 307 946 361">
    <p class='ocr_par' dir='ltr' id='par_1_1' title="bbox 198 307 946 361">
     <span class='ocr_line' id='line_1_1' title="bbox 198 307 946 361; baseline -0.003 -3"><span class='ocrx_word' id='word_1_1' title='bbox 198 307 235 358; x_wconf 69' lang='lat' dir='ltr'><strong>tii!</strong></span> <span class='ocrx_word' id='word_1_2' title='bbox 416 314 555 360; x_wconf 75' lang='lat' dir='ltr'><strong>uenusto</strong></span> <span class='ocrx_word' id='word_1_3' title='bbox 574 313 676 361; x_wconf 79' lang='lat' dir='ltr'><strong>TQTlUS</strong></span> <span class='ocrx_word' id='word_1_4' title='bbox 696 312 778 360; x_wconf 81' lang='lat' dir='ltr'><strong>tulus</strong></span> <span class='ocrx_word' id='word_1_5' title='bbox 798 311 946 358; x_wconf 74' lang='lat' dir='ltr'><strong>concuret.</strong></span> 
     </span>
    </p>
   </div>
   <div class='ocr_carea' id='block_1_2' title="bbox 197 408 1258 3271">
    <p class='ocr_par' dir='ltr' id='par_1_2' title="bbox 237 408 1005 489">
     <span class='ocr_line' id='line_1_2' title="bbox 237 408 1005 489; baseline -0.005 -17"><span class='ocrx_word' id='word_1_6' title='bbox 237 409 350 472; x_wconf 87' lang='lat' dir='ltr'><strong>Solutio</strong></span> <span class='ocrx_word' id='word_1_7' title='bbox 365 409 454 489; x_wconf 89' lang='lat' dir='ltr'><strong>hujus</strong></span> <span class='ocrx_word' id='word_1_8' title='bbox 467 409 550 471; x_wconf 92' lang='lat' dir='ltr'><strong>dubii</strong></span> <span class='ocrx_word' id='word_1_9' title='bbox 566 409 715 472; x_wconf 88' lang='lat' dir='ltr'><strong>invenitur</strong></span> <span class='ocrx_word' id='word_1_10' title='bbox 729 425 820 489; x_wconf 89' lang='lat' dir='ltr'><strong>supra</strong></span> <span class='ocrx_word' id='word_1_11' title='bbox 835 408 1005 486; x_wconf 66' lang='lat'><strong>(307-326).</strong></span> 
     </span>
    </p>

    <p class='ocr_par' dir='ltr' id='par_1_3' title="bbox 197 493 1169 672">
     <span class='ocr_line' id='line_1_3' title="bbox 237 493 1169 580; baseline -0.004 -20"><span class='ocrx_word' id='word_1_12' title='bbox 237 501 327 561; x_wconf 83' lang='grc'><strong>5513.</strong></span> <span class='ocrx_word' id='word_1_13' title='bbox 349 499 471 572; x_wconf 85' lang='lat' dir='ltr'><strong>Quaerit.</strong></span> <span class='ocrx_word' id='word_1_14' title='bbox 496 500 527 561; x_wconf 87' lang='lat'><strong>6⁰</strong></span> <span class='ocrx_word' id='word_1_15' title='bbox 544 499 675 572; x_wconf 80' lang='lat' dir='ltr'><strong>Quinam</strong></span> <span class='ocrx_word' id='word_1_16' title='bbox 696 497 811 580; x_wconf 81' lang='lat' dir='ltr'><strong>possint</strong></span> <span class='ocrx_word' id='word_1_17' title='bbox 827 493 958 577; x_wconf 86' lang='lat' dir='ltr'><strong>delegari</strong></span> <span class='ocrx_word' id='word_1_18' title='bbox 970 493 1009 558; x_wconf 87' lang='lat' dir='ltr'><strong>ad</strong></span> <span class='ocrx_word' id='word_1_19' title='bbox 1024 511 1169 558; x_wconf 84' lang='lat' dir='ltr'><strong>exerceo·</strong></span> 
     </span>
     <span class='ocr_line' id='line_1_4' title="bbox 197 585 661 672; baseline 0 -22"><span class='ocrx_word' id='word_1_20' title='bbox 197 587 266 650; x_wconf 84' lang='lat' dir='ltr'><strong>dam</strong></span> <span class='ocrx_word' id='word_1_21' title='bbox 277 593 453 672; x_wconf 86' lang='lat' dir='ltr'><strong>potestatem</strong></span> <span class='ocrx_word' id='word_1_22' title='bbox 464 585 661 668; x_wconf 81' lang='lat' dir='ltr'><strong>judicialem?</strong></span> 
     </span>
    </p>

    <p class='ocr_par' dir='ltr' id='par_1_4' title="bbox 198 673 1173 1386">
     <span class='ocr_line' id='line_1_5' title="bbox 237 673 1169 760; baseline -0.004 -20"><span class='ocrx_word' id='word_1_23' title='bbox 237 679 327 760; x_wconf 84' lang='lat' dir='ltr'><strong>Resp.</strong></span> <span class='ocrx_word' id='word_1_24' title='bbox 350 677 533 740; x_wconf 81' lang='lat' dir='ltr'><strong>Generaliter</strong></span> <span class='ocrx_word' id='word_1_25' title='bbox 545 676 604 739; x_wconf 92' lang='lat' dir='ltr'><strong>dici</strong></span> <span class='ocrx_word' id='word_1_26' title='bbox 627 681 724 758; x_wconf 89' lang='lat' dir='ltr'><strong>potest</strong></span> <span class='ocrx_word' id='word_1_27' title='bbox 743 674 810 738; x_wconf 83' lang='lat' dir='ltr'><strong>illos</strong></span> <span class='ocrx_word' id='word_1_28' title='bbox 826 694 922 740; x_wconf 78' lang='lat' dir='ltr'><strong>omnes</strong></span> <span class='ocrx_word' id='word_1_29' title='bbox 939 693 1020 759; x_wconf 79' lang='lat' dir='ltr'><strong>posse</strong></span> <span class='ocrx_word' id='word_1_30' title='bbox 1038 673 1169 756; x_wconf 77' lang='lat' dir='ltr'><strong>delegari</strong></span> 
     </span>
     <span class='ocr_line' id='line_1_6' title="bbox 198 765 1170 852; baseline -0.004 -23"><span class='ocrx_word' id='word_1_31' title='bbox 198 766 251 850; x_wconf 83' lang='lat' dir='ltr'><strong>qui</strong></span> <span class='ocrx_word' id='word_1_32' title='bbox 262 785 319 829; x_wconf 84' lang='lat' dir='ltr'><strong>non</strong></span> <span class='ocrx_word' id='word_1_33' title='bbox 329 766 532 852; x_wconf 76' lang='lat' dir='ltr'><strong>prohibentur.</strong></span> <span class='ocrx_word' id='word_1_34' title='bbox 555 767 692 829; x_wconf 81' lang='lat' dir='ltr'><strong>Diximus</strong></span> <span class='ocrx_word' id='word_1_35' title='bbox 712 784 803 848; x_wconf 85' lang='lat' dir='ltr'><strong>supra</strong></span> <span class='ocrx_word' id='word_1_36' title='bbox 826 783 968 848; x_wconf 84' lang='lat' dir='ltr'><strong>quaenam</strong></span> <span class='ocrx_word' id='word_1_37' title='bbox 987 765 1058 827; x_wconf 87' lang='lat' dir='ltr'><strong>vitia</strong></span> <span class='ocrx_word' id='word_1_38' title='bbox 1072 765 1170 846; x_wconf 92' lang='lat' dir='ltr'><strong>impe-</strong></span> 
     </span>
     <span class='ocr_line' id='line_1_7' title="bbox 199 853 1171 939; baseline -0.004 -21"><span class='ocrx_word' id='word_1_39' title='bbox 199 855 282 918; x_wconf 88' lang='lat' dir='ltr'><strong>diant</strong></span> <span class='ocrx_word' id='word_1_40' title='bbox 295 873 334 919; x_wconf 91' lang='lat' dir='ltr'><strong>ne</strong></span> <span class='ocrx_word' id='word_1_41' title='bbox 348 857 416 939; x_wconf 92' lang='lat' dir='ltr'><strong>quis</strong></span> <span class='ocrx_word' id='word_1_42' title='bbox 430 856 651 938; x_wconf 72' lang='lat' dir='ltr'><strong>delegationem</strong></span> <span class='ocrx_word' id='word_1_43' title='bbox 665 856 792 939; x_wconf 83' lang='lat' dir='ltr'><strong>accipiat</strong></span> <span class='ocrx_word' id='word_1_44' title='bbox 804 874 859 938; x_wconf 91' lang='lat' dir='ltr'><strong>pro</strong></span> <span class='ocrx_word' id='word_1_45' title='bbox 869 854 997 937; x_wconf 89' lang='lat' dir='ltr'><strong>negotiis</strong></span> <span class='ocrx_word' id='word_1_46' title='bbox 1012 853 1171 917; x_wconf 88' lang='lat' dir='ltr'><strong>ecclesias-</strong></span> 
     </span>
     <span class='ocr_line' id='line_1_8' title="bbox 199 943 1173 1028; baseline -0.003 -21"><span class='ocrx_word' id='word_1_47' title='bbox 199 945 285 1024; x_wconf 90' lang='lat' dir='ltr'><strong>ticis,</strong></span> <span class='ocrx_word' id='word_1_48' title='bbox 299 951 329 1009; x_wconf 89' lang='lat' dir='ltr'><strong>et</strong></span> <span class='ocrx_word' id='word_1_49' title='bbox 342 965 483 1028; x_wconf 85' lang='lat' dir='ltr'><strong>quaenam</strong></span> <span class='ocrx_word' id='word_1_50' title='bbox 499 945 583 1010; x_wconf 92' lang='lat' dir='ltr'><strong>dotes</strong></span> <span class='ocrx_word' id='word_1_51' title='bbox 603 947 634 1008; x_wconf 90' lang='lat' dir='ltr'><strong>in</strong></span> <span class='ocrx_word' id='word_1_52' title='bbox 655 943 799 1026; x_wconf 89' lang='lat' dir='ltr'><strong>delegatis</strong></span> <span class='ocrx_word' id='word_1_53' title='bbox 818 943 959 1008; x_wconf 77' lang='lat' dir='ltr'><strong>Ecclesiae</strong></span> <span class='ocrx_word' id='word_1_54' title='bbox 978 943 1173 1025; x_wconf 87' lang='lat' dir='ltr'><strong>requirantur</strong></span> 
     </span>
     <span class='ocr_line' id='line_1_9' title="bbox 199 1033 1173 1118; baseline -0.005 -19"><span class='ocrx_word' id='word_1_55' title='bbox 199 1037 362 1117; x_wconf 65' lang='lat' dir='ltr'><strong>(3l33l9);</strong></span> <span class='ocrx_word' id='word_1_56' title='bbox 378 1034 504 1099; x_wconf 87' lang='lat' dir='ltr'><strong>sufficiat</strong></span> <span class='ocrx_word' id='word_1_57' title='bbox 523 1035 572 1098; x_wconf 88' lang='lat' dir='ltr'><strong>hlc</strong></span> <span class='ocrx_word' id='word_1_58' title='bbox 585 1035 714 1116; x_wconf 79' lang='lat' dir='ltr'><strong>adJ&#39;icere</strong></span> <span class='ocrx_word' id='word_1_59' title='bbox 734 1034 816 1118; x_wconf 81' lang='lat' dir='ltr'><strong>quod</strong></span> <span class='ocrx_word' id='word_1_60' title='bbox 830 1052 887 1097; x_wconf 89' lang='lat' dir='ltr'><strong>nec</strong></span> <span class='ocrx_word' id='word_1_61' title='bbox 905 1033 1098 1115; x_wconf 86' lang='lat' dir='ltr'><strong>impuberes,</strong></span> <span class='ocrx_word' id='word_1_62' title='bbox 1117 1050 1173 1094; x_wconf 90' lang='lat' dir='ltr'><strong>nec</strong></span> 
     </span>
     <span class='ocr_line' id='line_1_10' title="bbox 201 1121 1173 1204; baseline -0.003 -17"><span class='ocrx_word' id='word_1_63' title='bbox 201 1125 328 1188; x_wconf 82' lang='lat' dir='ltr'><strong>infames</strong></span> <span class='ocrx_word' id='word_1_64' title='bbox 341 1133 393 1188; x_wconf 89' lang='lat' dir='ltr'><strong>aut</strong></span> <span class='ocrx_word' id='word_1_65' title='bbox 406 1125 678 1204; x_wconf 84' lang='lat' dir='ltr'><strong>excommunicati,</strong></span> <span class='ocrx_word' id='word_1_66' title='bbox 695 1142 751 1186; x_wconf 91' lang='lat' dir='ltr'><strong>nec</strong></span> <span class='ocrx_word' id='word_1_67' title='bbox 771 1123 867 1200; x_wconf 87' lang='lat' dir='ltr'><strong>servi,</strong></span> <span class='ocrx_word' id='word_1_68' title='bbox 889 1141 946 1185; x_wconf 89' lang='lat' dir='ltr'><strong>nec</strong></span> <span class='ocrx_word' id='word_1_69' title='bbox 962 1121 1099 1200; x_wconf 83' lang='lat' dir='ltr'><strong>leminae,</strong></span> <span class='ocrx_word' id='word_1_70' title='bbox 1117 1140 1173 1184; x_wconf 87' lang='lat' dir='ltr'><strong>nec</strong></span> 
     </span>
     <span class='ocr_line' id='line_1_11' title="bbox 201 1211 1173 1296; baseline -0.002 -20"><span class='ocrx_word' id='word_1_71' title='bbox 201 1214 282 1276; x_wconf 91' lang='lat' dir='ltr'><strong>surdi</strong></span> <span class='ocrx_word' id='word_1_72' title='bbox 297 1221 326 1278; x_wconf 79' lang='lat' dir='ltr'><strong>et</strong></span> <span class='ocrx_word' id='word_1_73' title='bbox 339 1215 414 1276; x_wconf 89' lang='lat' dir='ltr'><strong>muti</strong></span> <span class='ocrx_word' id='word_1_74' title='bbox 433 1221 559 1296; x_wconf 90' lang='lat' dir='ltr'><strong>possunt</strong></span> <span class='ocrx_word' id='word_1_75' title='bbox 576 1233 642 1276; x_wconf 90' lang='lat' dir='ltr'><strong>esse</strong></span> <span class='ocrx_word' id='word_1_76' title='bbox 651 1213 768 1294; x_wconf 85' lang='lat' dir='ltr'><strong>judices</strong></span> <span class='ocrx_word' id='word_1_77' title='bbox 784 1233 792 1275; x_wconf 76' lang='grc' dir='ltr'><strong><em>ε</em></strong></span> <span class='ocrx_word' id='word_1_78' title='bbox 809 1213 880 1295; x_wconf 84' lang='lat' dir='ltr'><strong>quia</strong></span> <span class='ocrx_word' id='word_1_79' title='bbox 892 1213 938 1276; x_wconf 90' lang='grc'><strong>551</strong></span> <span class='ocrx_word' id='word_1_80' title='bbox 953 1211 1173 1276; x_wconf 90' lang='lat' dir='ltr'><strong>consuetudine</strong></span> 
     </span>
     <span class='ocr_line' id='line_1_12' title="bbox 202 1301 835 1386; baseline 0 -22"><span class='ocrx_word' id='word_1_81' title='bbox 202 1304 246 1364; x_wconf 86' lang='grc'><strong>551</strong></span> <span class='ocrx_word' id='word_1_82' title='bbox 261 1303 408 1386; x_wconf 76' lang='lat' dir='ltr'><strong>expressis</strong></span> <span class='ocrx_word' id='word_1_83' title='bbox 420 1301 586 1366; x_wconf 88' lang='lat' dir='ltr'><strong>canonibus</strong></span> <span class='ocrx_word' id='word_1_84' title='bbox 600 1302 631 1364; x_wconf 93' lang='lat' dir='ltr'><strong>id</strong></span> <span class='ocrx_word' id='word_1_85' title='bbox 644 1309 689 1365; x_wconf 90' lang='lat' dir='ltr'><strong>est</strong></span> <span class='ocrx_word' id='word_1_86' title='bbox 699 1303 835 1366; x_wconf 86' lang='lat' dir='ltr'><strong>vetitum.</strong></span> 
     </span>
    </p>

    <p class='ocr_par' dir='ltr' id='par_1_5' title="bbox 203 1391 1175 1993">
     <span class='ocr_line' id='line_1_13' title="bbox 242 1391 1173 1474; baseline 0 -19"><span class='ocrx_word' id='word_1_87' title='bbox 242 1395 331 1455; x_wconf 80' lang='grc'><strong>5511.</strong></span> <span class='ocrx_word' id='word_1_88' title='bbox 348 1391 449 1466; x_wconf 85' lang='lat' dir='ltr'><strong>Quoad</strong></span> <span class='ocrx_word' id='word_1_89' title='bbox 460 1399 560 1455; x_wconf 87' lang='lat' dir='ltr'><strong>autem</strong></span> <span class='ocrx_word' id='word_1_90' title='bbox 574 1398 693 1456; x_wconf 84' lang='lat' dir='ltr'><strong>aetatem</strong></span> <span class='ocrx_word' id='word_1_91' title='bbox 703 1392 893 1474; x_wconf 70' lang='lat' dir='ltr'><strong>requisitam,</strong></span> <span class='ocrx_word' id='word_1_92' title='bbox 908 1391 981 1454; x_wconf 92' lang='lat' dir='ltr'><strong>dicit</strong></span> <span class='ocrx_word' id='word_1_93' title='bbox 995 1392 1120 1474; x_wconf 88' lang='lat' dir='ltr'><strong>Gregor.</strong></span> <span class='ocrx_word' id='word_1_94' title='bbox 1131 1392 1173 1455; x_wconf 84' lang='lat' dir='ltr'><strong>ut</strong></span> 
     </span>
     <span class='ocr_line' id='line_1_14' title="bbox 203 1481 1173 1564; baseline 0 -20"><span class='ocrx_word' id='word_1_95' title='bbox 203 1486 280 1563; x_wconf 82' lang='lat' dir='ltr'><strong>(cop.</strong></span> <span class='ocrx_word' id='word_1_96' title='bbox 298 1481 370 1545; x_wconf 73' lang='lat' dir='ltr'><strong>Cum</strong></span> <span class='ocrx_word' id='word_1_97' title='bbox 387 1481 557 1564; x_wconf 79' lang='lat' dir='ltr'><strong>vigesimum</strong></span> <span class='ocrx_word' id='word_1_98' title='bbox 572 1485 627 1560; x_wconf 80' lang='lat' dir='ltr'><strong>ll,</strong></span> <span class='ocrx_word' id='word_1_99' title='bbox 642 1483 688 1544; x_wconf 88' lang='lat' dir='ltr'><strong>tit.</strong></span> <span class='ocrx_word' id='word_1_100' title='bbox 705 1485 754 1558; x_wconf 77' lang='lat'><strong>29,</strong></span> <span class='ocrx_word' id='word_1_101' title='bbox 772 1481 825 1544; x_wconf 90' lang='lat' dir='ltr'><strong>lib.</strong></span> <span class='ocrx_word' id='word_1_102' title='bbox 849 1485 860 1543; x_wconf 95' lang='lat' dir='ltr'><strong>l</strong></span> <span class='ocrx_word' id='word_1_103' title='bbox 887 1483 1017 1559; x_wconf 87' lang='lat' dir='ltr'><strong>Decret.)</strong></span> <span class='ocrx_word' id='word_1_104' title='bbox 1035 1499 1042 1542; x_wconf 93' lang='lat'>:</span> <span class='ocrx_word' id='word_1_105' title='bbox 1062 1503 1078 1542; x_wconf 81' lang='lat' dir='ltr'><strong>o</strong></span> <span class='ocrx_word' id='word_1_106' title='bbox 1096 1483 1173 1544; x_wconf 82' lang='lat' dir='ltr'><strong>com</strong></span> 
     </span>
     <span class='ocr_line' id='line_1_15' title="bbox 203 1569 1173 1654; baseline 0.002 -24"><span class='ocrx_word' id='word_1_107' title='bbox 203 1595 217 1630; x_wconf 89' lang='grc'><strong>5</strong></span> <span class='ocrx_word' id='word_1_108' title='bbox 242 1575 281 1635; x_wconf 72' lang='lat'><strong>20</strong></span> <span class='ocrx_word' id='word_1_109' title='bbox 300 1589 416 1634; x_wconf 85' lang='lat' dir='ltr'><strong>annum</strong></span> <span class='ocrx_word' id='word_1_110' title='bbox 434 1572 604 1654; x_wconf 88' lang='lat' dir='ltr'><strong>peregeris,</strong></span> <span class='ocrx_word' id='word_1_111' title='bbox 624 1570 688 1634; x_wconf 90' lang='lat' dir='ltr'><strong>dari</strong></span> <span class='ocrx_word' id='word_1_112' title='bbox 709 1571 831 1654; x_wconf 90' lang='lat' dir='ltr'><strong>potuisti</strong></span> <span class='ocrx_word' id='word_1_113' title='bbox 846 1571 878 1631; x_wconf 93' lang='lat' dir='ltr'><strong>in</strong></span> <span class='ocrx_word' id='word_1_114' title='bbox 892 1576 978 1632; x_wconf 79' lang='grc'><strong>51515</strong></span> <span class='ocrx_word' id='word_1_115' title='bbox 997 1569 1173 1650; x_wconf 88' lang='lat' dir='ltr'><strong>hujusmodi</strong></span> 
     </span>
     <span class='ocr_line' id='line_1_16' title="bbox 203 1659 1174 1743; baseline 0.004 -25"><span class='ocrx_word' id='word_1_116' title='bbox 203 1683 217 1719; x_wconf 93' lang='grc'><strong>5</strong></span> <span class='ocrx_word' id='word_1_117' title='bbox 243 1659 406 1743; x_wconf 86' lang='lat' dir='ltr'><strong>delegatus.</strong></span> <span class='ocrx_word' id='word_1_118' title='bbox 429 1661 577 1723; x_wconf 88' lang='lat' dir='ltr'><strong>Caeterirm</strong></span> <span class='ocrx_word' id='word_1_119' title='bbox 606 1660 767 1723; x_wconf 87' lang='lat' dir='ltr'><strong>constituto</strong></span> <span class='ocrx_word' id='word_1_120' title='bbox 790 1660 867 1722; x_wconf 90' lang='lat' dir='ltr'><strong>intra</strong></span> <span class='ocrx_word' id='word_1_121' title='bbox 893 1665 1011 1722; x_wconf 82' lang='lat' dir='ltr'><strong>aetatem</strong></span> <span class='ocrx_word' id='word_1_122' title='bbox 1033 1659 1174 1722; x_wconf 88' lang='lat' dir='ltr'><strong>camdem</strong></span> 
     </span>
     <span class='ocr_line' id='line_1_17' title="bbox 204 1749 1175 1832; baseline 0.006 -24"><span class='ocrx_word' id='word_1_123' title='bbox 204 1773 218 1808; x_wconf 83' lang='grc'><strong>5</strong></span> <span class='ocrx_word' id='word_1_124' title='bbox 243 1751 311 1830; x_wconf 87' lang='lat' dir='ltr'><strong>(nisi</strong></span> <span class='ocrx_word' id='word_1_125' title='bbox 327 1757 425 1832; x_wconf 90' lang='lat' dir='ltr'><strong>partes</strong></span> <span class='ocrx_word' id='word_1_126' title='bbox 439 1750 567 1812; x_wconf 76' lang='lat' dir='ltr'><strong>scienter</strong></span> <span class='ocrx_word' id='word_1_127' title='bbox 580 1749 783 1812; x_wconf 81' lang='lat' dir='ltr'><strong>consentirent</strong></span> <span class='ocrx_word' id='word_1_128' title='bbox 798 1749 828 1810; x_wconf 93' lang='lat' dir='ltr'><strong>in</strong></span> <span class='ocrx_word' id='word_1_129' title='bbox 842 1767 913 1812; x_wconf 91' lang='lat' dir='ltr'><strong>eum</strong></span> <span class='ocrx_word' id='word_1_130' title='bbox 932 1750 984 1831; x_wconf 91' lang='lat' dir='ltr'><strong>qui</strong></span> <span class='ocrx_word' id='word_1_131' title='bbox 1005 1767 1120 1812; x_wconf 90' lang='lat' dir='ltr'><strong>annum</strong></span> <span class='ocrx_word' id='word_1_132' title='bbox 1136 1753 1175 1814; x_wconf 89' lang='lat' dir='ltr'><strong>l8</strong></span> 
     </span>
     <span class='ocr_line' id='line_1_18' title="bbox 203 1837 1174 1923; baseline 0.005 -26"><span class='ocrx_word' id='word_1_133' title='bbox 203 1865 217 1898; x_wconf 87' lang='grc'><strong>5</strong></span> <span class='ocrx_word' id='word_1_134' title='bbox 244 1839 492 1919; x_wconf 85' lang='lat' dir='ltr'><strong>transcendisset)</strong></span> <span class='ocrx_word' id='word_1_135' title='bbox 507 1837 582 1902; x_wconf 82' lang='lat' dir='ltr'><strong>lacte</strong></span> <span class='ocrx_word' id='word_1_136' title='bbox 596 1839 744 1921; x_wconf 81' lang='lat' dir='ltr'><strong>delegatio</strong></span> <span class='ocrx_word' id='word_1_137' title='bbox 761 1838 800 1902; x_wconf 91' lang='lat' dir='ltr'><strong>ab</strong></span> <span class='ocrx_word' id='word_1_138' title='bbox 813 1838 871 1901; x_wconf 85' lang='lat' dir='ltr'><strong>alio</strong></span> <span class='ocrx_word' id='word_1_139' title='bbox 884 1839 977 1920; x_wconf 73' lang='lat' dir='ltr'><strong>quim</strong></span> <span class='ocrx_word' id='word_1_140' title='bbox 998 1840 1016 1900; x_wconf 79' lang='lat' dir='ltr'><strong>a</strong></span> <span class='ocrx_word' id='word_1_141' title='bbox 1034 1839 1174 1923; x_wconf 90' lang='lat' dir='ltr'><strong>Principe</strong></span> 
     </span>
     <span class='ocr_line' id='line_1_19' title="bbox 203 1935 475 1993; baseline -0.007 -3"><span class='ocrx_word' id='word_1_142' title='bbox 203 1953 218 1990; x_wconf 93' lang='grc'><strong>5</strong></span> <span class='ocrx_word' id='word_1_143' title='bbox 244 1948 304 1992; x_wconf 92' lang='lat' dir='ltr'><strong>non</strong></span> <span class='ocrx_word' id='word_1_144' title='bbox 320 1935 444 1993; x_wconf 88' lang='lat' dir='ltr'><strong>teneret.</strong></span> <span class='ocrx_word' id='word_1_145' title='bbox 460 1951 475 1988; x_wconf 88' lang='grc'><strong>5</strong></span> 
     </span>
    </p>

    <p class='ocr_par' dir='ltr' id='par_1_6' title="bbox 201 2018 1176 2278">
     <span class='ocr_line' id='line_1_20' title="bbox 243 2018 1176 2103; baseline 0 -19"><span class='ocrx_word' id='word_1_146' title='bbox 243 2022 333 2084; x_wconf 80' lang='grc'><strong>5515.</strong></span> <span class='ocrx_word' id='word_1_147' title='bbox 347 2019 468 2092; x_wconf 83' lang='lat' dir='ltr'><strong>Quaerit.</strong></span> <span class='ocrx_word' id='word_1_148' title='bbox 483 2023 516 2084; x_wconf 77' lang='grc' dir='ltr'><strong>’1ο</strong></span> <span class='ocrx_word' id='word_1_149' title='bbox 529 2018 688 2094; x_wconf 81' lang='lat' dir='ltr'><strong>Quomodo</strong></span> <span class='ocrx_word' id='word_1_150' title='bbox 701 2018 864 2101; x_wconf 86' lang='lat' dir='ltr'><strong>procedere</strong></span> <span class='ocrx_word' id='word_1_151' title='bbox 875 2021 991 2103; x_wconf 85' lang='lat' dir='ltr'><strong>possint</strong></span> <span class='ocrx_word' id='word_1_152' title='bbox 1003 2027 1032 2084; x_wconf 90' lang='lat' dir='ltr'><strong>et</strong></span> <span class='ocrx_word' id='word_1_153' title='bbox 1044 2021 1176 2084; x_wconf 85' lang='lat' dir='ltr'><strong>debeant</strong></span> 
     </span>
     <span class='ocr_line' id='line_1_21' title="bbox 201 2107 1176 2191; baseline 0.002 -19"><span class='ocrx_word' id='word_1_154' title='bbox 201 2109 318 2190; x_wconf 86' lang='lat' dir='ltr'><strong>judices</strong></span> <span class='ocrx_word' id='word_1_155' title='bbox 336 2108 463 2190; x_wconf 86' lang='lat' dir='ltr'><strong>delegati</strong></span> <span class='ocrx_word' id='word_1_156' title='bbox 484 2109 606 2191; x_wconf 88' lang='lat' dir='ltr'><strong>quando</strong></span> <span class='ocrx_word' id='word_1_157' title='bbox 620 2107 723 2190; x_wconf 89' lang='lat' dir='ltr'><strong>plures</strong></span> <span class='ocrx_word' id='word_1_158' title='bbox 736 2107 775 2170; x_wconf 87' lang='lat' dir='ltr'><strong>sd</strong></span> <span class='ocrx_word' id='word_1_159' title='bbox 795 2109 934 2172; x_wconf 89' lang='lat' dir='ltr'><strong>eamdem</strong></span> <span class='ocrx_word' id='word_1_160' title='bbox 956 2128 1080 2174; x_wconf 89' lang='lat' dir='ltr'><strong>causam</strong></span> <span class='ocrx_word' id='word_1_161' title='bbox 1099 2111 1176 2174; x_wconf 91' lang='lat' dir='ltr'><strong>diri·</strong></span> 
     </span>
     <span class='ocr_line' id='line_1_22' title="bbox 204 2197 596 2278; baseline -0.01 -16"><span class='ocrx_word' id='word_1_162' title='bbox 204 2199 346 2262; x_wconf 90' lang='lat' dir='ltr'><strong>mendam</strong></span> <span class='ocrx_word' id='word_1_163' title='bbox 359 2203 431 2261; x_wconf 91' lang='lat' dir='ltr'><strong>sunt</strong></span> <span class='ocrx_word' id='word_1_164' title='bbox 442 2197 596 2278; x_wconf 78' lang='lat' dir='ltr'><strong>deputati?</strong></span> 
     </span>
    </p>

    <p class='ocr_par' dir='ltr' id='par_1_7' title="bbox 203 2285 1258 3271">
     <span class='ocr_line' id='line_1_23' title="bbox 243 2285 1176 2377; baseline 0.009 -28"><span class='ocrx_word' id='word_1_165' title='bbox 243 2291 332 2370; x_wconf 85' lang='lat' dir='ltr'><strong>Resp.</strong></span> <span class='ocrx_word' id='word_1_166' title='bbox 354 2287 384 2348; x_wconf 86' lang='lat' dir='ltr'><strong>l⁰</strong></span> <span class='ocrx_word' id='word_1_167' title='bbox 398 2287 428 2348; x_wconf 86' lang='lat' dir='ltr'><strong>si</strong></span> <span class='ocrx_word' id='word_1_168' title='bbox 440 2285 556 2366; x_wconf 89' lang='lat' dir='ltr'><strong>judices</strong></span> <span class='ocrx_word' id='word_1_169' title='bbox 576 2291 647 2348; x_wconf 89' lang='lat' dir='ltr'><strong>sunt</strong></span> <span class='ocrx_word' id='word_1_170' title='bbox 664 2285 796 2369; x_wconf 88' lang='lat' dir='ltr'><strong>deputeu</strong></span> <span class='ocrx_word' id='word_1_171' title='bbox 811 2290 1002 2370; x_wconf 81' lang='lat' dir='ltr'><strong>insolidum,</strong></span> <span class='ocrx_word' id='word_1_172' title='bbox 1018 2291 1043 2354; x_wconf 89' lang='lat' dir='ltr'><strong>si</strong></span> <span class='ocrx_word' id='word_1_173' title='bbox 1064 2311 1176 2377; x_wconf 85' lang='lat' dir='ltr'><strong>nempe</strong></span> 
     </span>
     <span class='ocr_line' id='line_1_24' title="bbox 204 2373 1258 2464; baseline 0.008 -25"><span class='ocrx_word' id='word_1_174' title='bbox 204 2377 319 2440; x_wconf 83' lang='lat' dir='ltr'><strong>dicetur</strong></span> <span class='ocrx_word' id='word_1_175' title='bbox 337 2376 369 2438; x_wconf 92' lang='lat' dir='ltr'><strong>in</strong></span> <span class='ocrx_word' id='word_1_176' title='bbox 386 2373 529 2457; x_wconf 89' lang='lat' dir='ltr'><strong>rescripto</strong></span> <span class='ocrx_word' id='word_1_177' title='bbox 550 2381 604 2436; x_wconf 84' lang='lat' dir='ltr'><strong>:ut</strong></span> <span class='ocrx_word' id='word_1_178' title='bbox 616 2394 711 2437; x_wconf 80' lang='lat' dir='ltr'><strong>onnes</strong></span> <span class='ocrx_word' id='word_1_179' title='bbox 724 2383 776 2437; x_wconf 87' lang='lat' dir='ltr'><strong>out</strong></span> <span class='ocrx_word' id='word_1_180' title='bbox 789 2375 845 2438; x_wconf 83' lang='lat' dir='ltr'><strong>duo</strong></span> <span class='ocrx_word' id='word_1_181' title='bbox 863 2378 990 2443; x_wconf 80' lang='grc'><strong>5515555</strong></span> <span class='ocrx_word' id='word_1_182' title='bbox 1004 2381 1174 2446; x_wconf 80' lang='lat' dir='ltr'><strong>mundatum</strong></span> <span class='ocrx_word' id='word_1_183' title='bbox 1257 2455 1258 2464; x_wconf 38' lang='lat'><strong>,</strong></span> 
     </span>
     <span class='ocr_line' id='line_1_25' title="bbox 205 2461 1258 2552; baseline 0.009 -23"><span class='ocrx_word' id='word_1_184' title='bbox 205 2473 401 2548; x_wconf 74' lang='lat' dir='ltr'><strong>exequuntur,</strong></span> <span class='ocrx_word' id='word_1_185' title='bbox 423 2461 476 2526; x_wconf 83' lang='lat' dir='ltr'><strong>cut</strong></span> <span class='ocrx_word' id='word_1_186' title='bbox 496 2473 679 2546; x_wconf 77' lang='lat' dir='ltr'><strong>exequatur,</strong></span> <span class='ocrx_word' id='word_1_187' title='bbox 703 2469 755 2528; x_wconf 89' lang='lat' dir='ltr'><strong>unt</strong></span> <span class='ocrx_word' id='word_1_188' title='bbox 774 2465 831 2529; x_wconf 88' lang='grc'><strong>5115</strong></span> <span class='ocrx_word' id='word_1_189' title='bbox 851 2469 1016 2532; x_wconf 90' lang='lat' dir='ltr'><strong>consimilis</strong></span> <span class='ocrx_word' id='word_1_190' title='bbox 1046 2470 1174 2538; x_wconf 87' lang='lat' dir='ltr'><strong>lormula</strong></span> <span class='ocrx_word' id='word_1_191' title='bbox 1257 2519 1258 2552; x_wconf 55' lang='lat'>2</span> 
     </span>
     <span class='ocr_line' id='line_1_26' title="bbox 204 2553 1258 2638; baseline 0.008 -20"><span class='ocrx_word' id='word_1_192' title='bbox 204 2556 398 2634; x_wconf 82' lang='lat' dir='ltr'><strong>adhibeatur,</strong></span> <span class='ocrx_word' id='word_1_193' title='bbox 413 2561 485 2617; x_wconf 91' lang='lat' dir='ltr'><strong>tunc</strong></span> <span class='ocrx_word' id='word_1_194' title='bbox 502 2553 590 2618; x_wconf 88' lang='lat' dir='ltr'><strong>datur</strong></span> <span class='ocrx_word' id='word_1_195' title='bbox 607 2555 692 2618; x_wconf 93' lang='lat' dir='ltr'><strong>locus</strong></span> <span class='ocrx_word' id='word_1_196' title='bbox 711 2557 922 2638; x_wconf 76' lang='lat' dir='ltr'><strong>prosecutioni,</strong></span> <span class='ocrx_word' id='word_1_197' title='bbox 942 2559 983 2622; x_wconf 87' lang='lat' dir='ltr'><strong>ita</strong></span> <span class='ocrx_word' id='word_1_198' title='bbox 1000 2567 1034 2622; x_wconf 89' lang='lat' dir='ltr'><strong>ut</strong></span> <span class='ocrx_word' id='word_1_199' title='bbox 1047 2562 1072 2622; x_wconf 92' lang='lat' dir='ltr'><strong>si</strong></span> <span class='ocrx_word' id='word_1_200' title='bbox 1095 2581 1175 2627; x_wconf 91' lang='lat' dir='ltr'><strong>unus</strong></span> <span class='ocrx_word' id='word_1_201' title='bbox 1257 2595 1258 2600; x_wconf 40' lang='lat'>1</span> 
     </span>
     <span class='ocr_line' id='line_1_27' title="bbox 203 2644 1175 2728; baseline 0.008 -20"><span class='ocrx_word' id='word_1_202' title='bbox 203 2646 241 2709; x_wconf 90' lang='lat' dir='ltr'><strong>de</strong></span> <span class='ocrx_word' id='word_1_203' title='bbox 253 2648 341 2710; x_wconf 74' lang='lat' dir='ltr'><strong>coust</strong></span> <span class='ocrx_word' id='word_1_204' title='bbox 356 2645 421 2708; x_wconf 77' lang='lat' dir='ltr'><strong>sine</strong></span> <span class='ocrx_word' id='word_1_205' title='bbox 435 2644 550 2708; x_wconf 84' lang='lat' dir='ltr'><strong>eaeteris</strong></span> <span class='ocrx_word' id='word_1_206' title='bbox 561 2647 685 2727; x_wconf 86' lang='lat' dir='ltr'><strong>coeperit</strong></span> <span class='ocrx_word' id='word_1_207' title='bbox 696 2663 894 2728; x_wconf 78' lang='lat' dir='ltr'><strong>cognoscere,</strong></span> <span class='ocrx_word' id='word_1_208' title='bbox 910 2647 960 2710; x_wconf 85' lang='lat' dir='ltr'><strong>olii</strong></span> <span class='ocrx_word' id='word_1_209' title='bbox 978 2668 1010 2712; x_wconf 89' lang='lat' dir='ltr'><strong>se</strong></span> <span class='ocrx_word' id='word_1_210' title='bbox 1025 2650 1175 2716; x_wconf 90' lang='lat' dir='ltr'><strong>intromit-</strong></span> 
     </span>
     <span class='ocr_line' id='line_1_28' title="bbox 205 2734 1176 2820; baseline 0.009 -24"><span class='ocrx_word' id='word_1_211' title='bbox 205 2743 266 2798; x_wconf 88' lang='lat' dir='ltr'><strong>tere</strong></span> <span class='ocrx_word' id='word_1_212' title='bbox 290 2741 458 2816; x_wconf 88' lang='lat' dir='ltr'><strong>nequeant,</strong></span> <span class='ocrx_word' id='word_1_213' title='bbox 476 2735 531 2796; x_wconf 92' lang='lat' dir='ltr'><strong>nisi</strong></span> <span class='ocrx_word' id='word_1_214' title='bbox 552 2734 601 2796; x_wconf 92' lang='lat' dir='ltr'><strong>ille</strong></span> <span class='ocrx_word' id='word_1_215' title='bbox 622 2735 673 2816; x_wconf 93' lang='lat' dir='ltr'><strong>qui</strong></span> <span class='ocrx_word' id='word_1_216' title='bbox 693 2735 777 2816; x_wconf 81' lang='lat' dir='ltr'><strong>prius</strong></span> <span class='ocrx_word' id='word_1_217' title='bbox 791 2736 881 2818; x_wconf 84' lang='lat' dir='ltr'><strong>coeplt</strong></span> <span class='ocrx_word' id='word_1_218' title='bbox 900 2736 1002 2820; x_wconf 89' lang='lat' dir='ltr'><strong>aliquo</strong></span> <span class='ocrx_word' id='word_1_219' title='bbox 1021 2739 1176 2806; x_wconf 89' lang='lat' dir='ltr'><strong>obstaculo</strong></span> 
     </span>
     <span class='ocr_line' id='line_1_29' title="bbox 206 2823 1174 2906; baseline 0.01 -21"><span class='ocrx_word' id='word_1_220' title='bbox 206 2823 403 2906; x_wconf 88' lang='lat' dir='ltr'><strong>impediatur,</strong></span> <span class='ocrx_word' id='word_1_221' title='bbox 426 2824 470 2886; x_wconf 86' lang='grc'><strong>551</strong></span> <span class='ocrx_word' id='word_1_222' title='bbox 494 2823 640 2885; x_wconf 74' lang='lat' dir='ltr'><strong>malitiose</strong></span> <span class='ocrx_word' id='word_1_223' title='bbox 664 2825 826 2904; x_wconf 87' lang='lat' dir='ltr'><strong>procedere</strong></span> <span class='ocrx_word' id='word_1_224' title='bbox 847 2833 985 2892; x_wconf 88' lang='lat' dir='ltr'><strong>recuset:</strong></span> <span class='ocrx_word' id='word_1_225' title='bbox 1001 2837 1118 2893; x_wconf 90' lang='lat' dir='ltr'><strong>constat</strong></span> <span class='ocrx_word' id='word_1_226' title='bbox 1138 2849 1174 2895; x_wconf 81' lang='lat' dir='ltr'><strong>ex</strong></span> 
     </span>
     <span class='ocr_line' id='line_1_30' title="bbox 205 2911 1258 2994; baseline 0.009 -19"><span class='ocrx_word' id='word_1_227' title='bbox 205 2932 271 2994; x_wconf 83' lang='lat' dir='ltr'><strong>cop.</strong></span> <span class='ocrx_word' id='word_1_228' title='bbox 291 2915 329 2990; x_wconf 91' lang='lat'><strong>8,</strong></span> <span class='ocrx_word' id='word_1_229' title='bbox 343 2913 387 2974; x_wconf 92' lang='lat' dir='ltr'><strong>tit.</strong></span> <span class='ocrx_word' id='word_1_230' title='bbox 409 2913 464 2990; x_wconf 77' lang='lat' dir='ltr'><strong>tt,</strong></span> <span class='ocrx_word' id='word_1_231' title='bbox 484 2911 536 2974; x_wconf 89' lang='lat' dir='ltr'><strong>lib.</strong></span> <span class='ocrx_word' id='word_1_232' title='bbox 560 2914 588 2989; x_wconf 94' lang='lat' dir='ltr'><strong>l,</strong></span> <span class='ocrx_word' id='word_1_233' title='bbox 614 2911 645 2973; x_wconf 91' lang='lat' dir='ltr'><strong>in</strong></span> <span class='ocrx_word' id='word_1_234' title='bbox 660 2917 702 2990; x_wconf 72' lang='grc' dir='ltr'><strong>δ’,</strong></span> <span class='ocrx_word' id='word_1_235' title='bbox 727 2913 778 2976; x_wconf 89' lang='lat' dir='ltr'><strong>ubi</strong></span> <span class='ocrx_word' id='word_1_236' title='bbox 803 2914 975 2980; x_wconf 85' lang='lat' dir='ltr'><strong>Bonilacius</strong></span> <span class='ocrx_word' id='word_1_237' title='bbox 993 2919 1058 2980; x_wconf 92' lang='lat' dir='ltr'><strong>Vlll</strong></span> <span class='ocrx_word' id='word_1_238' title='bbox 1076 2919 1175 2984; x_wconf 90' lang='lat' dir='ltr'><strong>dicit:</strong></span> <span class='ocrx_word' id='word_1_239' title='bbox 1257 2981 1258 2992; x_wconf 71' lang='grc'>,</span> 
     </span>
     <span class='ocr_line' id='line_1_31' title="bbox 210 2999 1258 3086; baseline 0.015 -26"><span class='ocrx_word' id='word_1_240' title='bbox 210 3027 223 3060; x_wconf 82' lang='lat' dir='ltr'><strong>n</strong></span> <span class='ocrx_word' id='word_1_241' title='bbox 246 3003 322 3064; x_wconf 80' lang='lat' dir='ltr'><strong>Clrm</strong></span> <span class='ocrx_word' id='word_1_242' title='bbox 339 3000 462 3085; x_wconf 88' lang='lat' dir='ltr'><strong>plures,</strong></span> <span class='ocrx_word' id='word_1_243' title='bbox 482 2999 540 3065; x_wconf 91' lang='lat' dir='ltr'><strong>sub</strong></span> <span class='ocrx_word' id='word_1_244' title='bbox 554 3001 603 3064; x_wconf 84' lang='lat' dir='ltr'><strong>illd</strong></span> <span class='ocrx_word' id='word_1_245' title='bbox 620 3000 717 3064; x_wconf 83' lang='lat' dir='ltr'><strong>formd</strong></span> <span class='ocrx_word' id='word_1_246' title='bbox 731 3011 765 3064; x_wconf 84' lang='lat' dir='ltr'><strong>ut</strong></span> <span class='ocrx_word' id='word_1_247' title='bbox 784 3023 879 3066; x_wconf 84' lang='lat' dir='ltr'><strong>omnes</strong></span> <span class='ocrx_word' id='word_1_248' title='bbox 896 3014 949 3067; x_wconf 83' lang='lat' dir='ltr'><strong>cul</strong></span> <span class='ocrx_word' id='word_1_249' title='bbox 965 3005 1082 3070; x_wconf 81' lang='lat' dir='ltr'><strong>ducaei</strong></span> <span class='ocrx_word' id='word_1_250' title='bbox 1104 3031 1178 3076; x_wconf 78' lang='lat' dir='ltr'><strong>unus</strong></span> <span class='ocrx_word' id='word_1_251' title='bbox 1257 3081 1258 3086; x_wconf 8' lang='grc' dir='ltr'>γ</span> 
     </span>
     <span class='ocr_line' id='line_1_32' title="bbox 206 3088 1177 3176; baseline 0.012 -24"><span class='ocrx_word' id='word_1_252' title='bbox 206 3115 220 3152; x_wconf 97' lang='grc'><strong>5</strong></span> <span class='ocrx_word' id='word_1_253' title='bbox 244 3110 343 3154; x_wconf 75' lang='lat' dir='ltr'><strong>eorum</strong></span> <span class='ocrx_word' id='word_1_254' title='bbox 354 3088 523 3153; x_wconf 81' lang='lat' dir='ltr'><strong>mandatum</strong></span> <span class='ocrx_word' id='word_1_255' title='bbox 536 3091 723 3174; x_wconf 79' lang='lat' dir='ltr'><strong>apostolicum</strong></span> <span class='ocrx_word' id='word_1_256' title='bbox 737 3101 916 3176; x_wconf 74' lang='lat' dir='ltr'><strong>exequatur,</strong></span> <span class='ocrx_word' id='word_1_257' title='bbox 932 3102 984 3159; x_wconf 89' lang='lat' dir='ltr'><strong>aut</strong></span> <span class='ocrx_word' id='word_1_258' title='bbox 1003 3096 1177 3163; x_wconf 78' lang='grc'><strong>511555551-</strong></span> 
     </span>
     <span class='ocr_line' id='line_1_33' title="bbox 207 3178 1176 3271; baseline 0.011 -29"><span class='ocrx_word' id='word_1_259' title='bbox 207 3205 220 3242; x_wconf 96' lang='grc'><strong>5</strong></span> <span class='ocrx_word' id='word_1_260' title='bbox 246 3181 308 3244; x_wconf 93' lang='lat' dir='ltr'><strong>mili</strong></span> <span class='ocrx_word' id='word_1_261' title='bbox 321 3178 453 3262; x_wconf 83' lang='lat' dir='ltr'><strong>judices,</strong></span> <span class='ocrx_word' id='word_1_262' title='bbox 470 3180 516 3241; x_wconf 90' lang='lat' dir='ltr'><strong>vel</strong></span> <span class='ocrx_word' id='word_1_263' title='bbox 530 3187 704 3243; x_wconf 85' lang='lat' dir='ltr'><strong>executores</strong></span> <span class='ocrx_word' id='word_1_264' title='bbox 722 3183 739 3244; x_wconf 80' lang='grc'><strong>5</strong></span> <span class='ocrx_word' id='word_1_265' title='bbox 756 3182 833 3245; x_wconf 88' lang='lat' dir='ltr'><strong>Sede</strong></span> <span class='ocrx_word' id='word_1_266' title='bbox 848 3185 1020 3265; x_wconf 79' lang='lat' dir='ltr'><strong>Apostoliot</strong></span> <span class='ocrx_word' id='word_1_267' title='bbox 1037 3187 1176 3271; x_wconf 88' lang='lat' dir='ltr'><strong>deputari</strong></span> 
     </span>
    </p>
   </div>
   <div class='ocr_carea' id='block_1_3' title="bbox 207 3267 1178 3357">
    <p class='ocr_par' dir='ltr' id='par_1_8' title="bbox 207 3267 1178 3357">
     <span class='ocr_line' id='line_1_34' title="bbox 207 3267 1178 3357; baseline 0.011 -26"><span class='ocrx_word' id='word_1_268' title='bbox 207 3294 221 3331; x_wconf 88' lang='grc'><strong>5</strong></span> <span class='ocrx_word' id='word_1_269' title='bbox 246 3271 420 3352; x_wconf 90' lang='lat' dir='ltr'><strong>continget,</strong></span> <span class='ocrx_word' id='word_1_270' title='bbox 446 3267 580 3352; x_wconf 88' lang='lat' dir='ltr'><strong>ipsorum</strong></span> <span class='ocrx_word' id='word_1_271' title='bbox 607 3269 732 3351; x_wconf 88' lang='lat' dir='ltr'><strong>quilibet</strong></span> <span class='ocrx_word' id='word_1_272' title='bbox 761 3271 931 3352; x_wconf 86' lang='lat' dir='ltr'><strong>injunctum</strong></span> <span class='ocrx_word' id='word_1_273' title='bbox 958 3281 1055 3357; x_wconf 87' lang='lat' dir='ltr'><strong>potest</strong></span> <span class='ocrx_word' id='word_1_274' title='bbox 1084 3277 1178 3344; x_wconf 74' lang='lat' dir='ltr'><strong>libera</strong></span> 
     </span>
    </p>
   </div>
   <div class='ocr_carea' id='block_1_4' title="bbox 207 3356 1178 3625">
    <p class='ocr_par' dir='ltr' id='par_1_9' title="bbox 207 3356 1178 3625">
     <span class='ocr_line' id='line_1_35' title="bbox 207 3356 1178 3447; baseline 0.01 -27"><span class='ocrx_word' id='word_1_275' title='bbox 207 3383 221 3420; x_wconf 92' lang='grc'><strong>5</strong></span> <span class='ocrx_word' id='word_1_276' title='bbox 246 3359 409 3442; x_wconf 83' lang='lat' dir='ltr'><strong>adimplere</strong></span> <span class='ocrx_word' id='word_1_277' title='bbox 428 3356 615 3421; x_wconf 85' lang='lat' dir='ltr'><strong>mandatum.</strong></span> <span class='ocrx_word' id='word_1_278' title='bbox 636 3361 729 3422; x_wconf 89' lang='lat' dir='ltr'><strong>Porrd</strong></span> <span class='ocrx_word' id='word_1_279' title='bbox 748 3379 810 3424; x_wconf 91' lang='lat' dir='ltr'><strong>uno</strong></span> <span class='ocrx_word' id='word_1_280' title='bbox 832 3380 938 3427; x_wconf 89' lang='lat' dir='ltr'><strong>eorum</strong></span> <span class='ocrx_word' id='word_1_281' title='bbox 952 3366 1106 3447; x_wconf 89' lang='lat' dir='ltr'><strong>negotium</strong></span> <span class='ocrx_word' id='word_1_282' title='bbox 1129 3369 1178 3432; x_wconf 91' lang='lat' dir='ltr'><strong>in-</strong></span> 
     </span>
     <span class='ocr_line' id='line_1_36' title="bbox 207 3447 1173 3532; baseline 0.013 -24"><span class='ocrx_word' id='word_1_283' title='bbox 207 3473 222 3508; x_wconf 85' lang='grc'><strong>5</strong></span> <span class='ocrx_word' id='word_1_284' title='bbox 246 3447 373 3512; x_wconf 81' lang='lat' dir='ltr'><strong>choante</strong></span> <span class='ocrx_word' id='word_1_285' title='bbox 392 3447 607 3527; x_wconf 89' lang='lat' dir='ltr'><strong>commissum,</strong></span> <span class='ocrx_word' id='word_1_286' title='bbox 627 3448 675 3511; x_wconf 89' lang='lat' dir='ltr'><strong>alii</strong></span> <span class='ocrx_word' id='word_1_287' title='bbox 697 3451 864 3532; x_wconf 85' lang='lat' dir='ltr'><strong>nequibunt</strong></span> <span class='ocrx_word' id='word_1_288' title='bbox 881 3472 914 3518; x_wconf 89' lang='lat' dir='ltr'><strong>se</strong></span> <span class='ocrx_word' id='word_1_289' title='bbox 935 3453 1062 3518; x_wconf 82' lang='lat' dir='ltr'><strong>ulterius</strong></span> <span class='ocrx_word' id='word_1_290' title='bbox 1082 3455 1173 3521; x_wconf 90' lang='lat' dir='ltr'><strong>intro·</strong></span> 
     </span>
     <span class='ocr_line' id='line_1_37' title="bbox 208 3535 1177 3625; baseline 0.013 -27"><span class='ocrx_word' id='word_1_291' title='bbox 208 3561 222 3598; x_wconf 90' lang='grc'><strong>5</strong></span> <span class='ocrx_word' id='word_1_292' title='bbox 248 3535 365 3598; x_wconf 89' lang='lat' dir='ltr'><strong>mittere</strong></span> <span class='ocrx_word' id='word_1_293' title='bbox 387 3535 425 3598; x_wconf 91' lang='lat' dir='ltr'><strong>de</strong></span> <span class='ocrx_word' id='word_1_294' title='bbox 448 3536 571 3616; x_wconf 89' lang='lat' dir='ltr'><strong>eodem,</strong></span> <span class='ocrx_word' id='word_1_295' title='bbox 594 3538 649 3600; x_wconf 88' lang='lat' dir='ltr'><strong>nisi</strong></span> <span class='ocrx_word' id='word_1_296' title='bbox 670 3539 715 3600; x_wconf 89' lang='lat' dir='ltr'><strong>vel</strong></span> <span class='ocrx_word' id='word_1_297' title='bbox 742 3537 935 3620; x_wconf 83' lang='lat' dir='ltr'><strong>infirmitate,</strong></span> <span class='ocrx_word' id='word_1_298' title='bbox 956 3543 1003 3606; x_wconf 89' lang='grc'><strong>551</strong></span> <span class='ocrx_word' id='word_1_299' title='bbox 1023 3544 1081 3607; x_wconf 78' lang='lat' dir='ltr'><strong>alil</strong></span> <span class='ocrx_word' id='word_1_300' title='bbox 1096 3545 1177 3625; x_wconf 78' lang='lat' dir='ltr'><strong>iustd</strong></span> 
     </span>
    </p>
   </div>
   <div class='ocr_carea' id='block_1_5' title="bbox 209 3625 1178 3795">
    <p class='ocr_par' dir='ltr' id='par_1_10' title="bbox 209 3625 1178 3795">
     <span class='ocr_line' id='line_1_38' title="bbox 209 3625 1178 3714; baseline 0.014 -28"><span class='ocrx_word' id='word_1_301' title='bbox 209 3649 224 3686; x_wconf 90' lang='grc'><strong>5</strong></span> <span class='ocrx_word' id='word_1_302' title='bbox 248 3627 356 3702; x_wconf 80' lang='lat' dir='ltr'><strong>coust,</strong></span> <span class='ocrx_word' id='word_1_303' title='bbox 370 3625 456 3687; x_wconf 93' lang='lat' dir='ltr'><strong>illum</strong></span> <span class='ocrx_word' id='word_1_304' title='bbox 470 3627 657 3707; x_wconf 86' lang='lat' dir='ltr'><strong>contingeret</strong></span> <span class='ocrx_word' id='word_1_305' title='bbox 671 3627 826 3708; x_wconf 90' lang='lat' dir='ltr'><strong>impediri,</strong></span> <span class='ocrx_word' id='word_1_306' title='bbox 840 3631 925 3694; x_wconf 83' lang='lat' dir='ltr'><strong>autsi</strong></span> <span class='ocrx_word' id='word_1_307' title='bbox 936 3631 1044 3714; x_wconf 89' lang='lat' dir='ltr'><strong>nollet,</strong></span> <span class='ocrx_word' id='word_1_308' title='bbox 1058 3635 1103 3698; x_wconf 83' lang='lat' dir='ltr'><strong>vel</strong></span> <span class='ocrx_word' id='word_1_309' title='bbox 1116 3654 1178 3700; x_wconf 73' lang='lat' dir='ltr'><strong>ma</strong></span> 
     </span>
     <span class='ocr_line' id='line_1_39' title="bbox 211 3710 817 3795; baseline 0.008 -22"><span class='ocrx_word' id='word_1_310' title='bbox 211 3736 225 3774; x_wconf 82' lang='grc'><strong>5</strong></span> <span class='ocrx_word' id='word_1_311' title='bbox 249 3710 345 3774; x_wconf 75' lang='lat' dir='ltr'><strong>littore</strong></span> <span class='ocrx_word' id='word_1_312' title='bbox 356 3712 387 3774; x_wconf 89' lang='lat' dir='ltr'><strong>ln</strong></span> <span class='ocrx_word' id='word_1_313' title='bbox 402 3728 437 3776; x_wconf 90' lang='lat' dir='ltr'><strong>eo</strong></span> <span class='ocrx_word' id='word_1_314' title='bbox 450 3712 611 3795; x_wconf 82' lang='lat' dir='ltr'><strong>procedere</strong></span> <span class='ocrx_word' id='word_1_315' title='bbox 623 3719 817 3779; x_wconf 74' lang='lat' dir='ltr'><strong>recusaret.»</strong></span> 
     </span>
    </p>
   </div>
   <div class='ocr_carea' id='block_1_6' title="bbox 0 0 1277 3988">
    <p class='ocr_par' dir='ltr' id='par_1_11' title="bbox 0 0 1277 3988">
     <span class='ocr_line' id='line_1_40' title="bbox 0 0 1277 3988; baseline 0 0"><span class='ocrx_word' id='word_1_316' title='bbox 0 0 1277 3988; x_wconf 95' lang='lat' dir='ltr'><strong> </strong></span> 
     </span>
    </p>
   </div>
  </div>
 </body>
</html>
