2526 3988
171 286 210 348 82
391 299 528 348 rancun
548 300 648 347 rorms
668 299 750 345 ruars
770 295 917 344 annornm.

172 401 262 462 etiam
282 399 556 481 quasi-contractus
579 397 873 481 comprehendantur
892 395 949 458 sub
963 393 1148 478 praecedenti

172 488 286 570 regule,
302 495 335 551 ut
349 490 411 552 DD.
436 489 638 550 cummuniter
659 486 840 552 concedunt.
861 483 1026 548 Ilillicultes
1046 492 1090 548 est
1107 484 1149 546 de

173 597 245 640 casu
266 577 445 660 peragendae
468 576 654 640 rescissionis
667 578 859 653 contractus,
875 593 930 658 pro
950 593 1013 656 que
1027 573 1093 636 vide
1107 575 1147 637 Ι).

175 666 270 728 Bouix
283 665 350 744 (id,
365 685 397 748 p.
409 666 488 745 288).
504 667 535 728 3ο
549 665 635 738 Qudd
647 666 672 728 si
685 663 898 727 contrahentes
911 662 1106 726 convenerint
1115 669 1150 724 ut

174 761 344 819 contractus
358 757 468 838 scripto
483 754 584 833 fieret,
607 755 691 818 locus
713 761 884 817 contractus
898 759 1038 816 censetur
1053 751 1101 814 ille
1117 752 1149 814 in

176 863 237 925 quo
246 844 301 906 luit
311 843 628 928 scriptioneperfectus
639 845 819 906 :itaomnes
836 848 869 904 4⁰
881 841 968 916 Oudd
982 859 1037 923 per
1049 841 1151 904 lorum

176 933 234 996 loci
248 937 419 997 contractus
441 953 504 997 non
527 933 719 1015 extinguatur
733 932 815 995 lorus
828 931 993 1008 domicilii,
1019 937 1050 994 et
1067 930 1152 1014 qudd

176 1029 250 1086 tunc
264 1024 357 1106 possit
369 1043 435 1087 asse
449 1024 534 1088 locus
547 1023 768 1106 praeventionis.

217 1117 305 1176 5695.
330 1113 434 1185 Quoad
453 1119 555 1176 autern
569 1112 761 1175 ordinarium
776 1111 832 1174 loci
851 1109 1029 1193 inquesita
1048 1118 1092 1173 eat
1105 1131 1153 1174 rea

178 1209 376 1280 controversa,
395 1201 564 1264 notandum
579 1205 610 1264 1⁰
628 1203 710 1284 quod
724 1201 909 1284 probabilius
923 1220 992 1264 reus
1006 1201 1100 1283 possit
1119 1201 1152 1263 in

179 1291 245 1352 loco
260 1290 303 1352 rei
317 1292 380 1353 sitae
393 1291 562 1361 conveniri.
575 1293 691 1354 etiamsi
706 1289 746 1353 ibi
761 1311 822 1353 non
837 1291 1023 1373 reperiatur:
1039 1288 1069 1352 id
1086 1309 1154 1372 pro

180 1378 267 1441 batur
286 1385 391 1442 contra
411 1379 575 1444 Barbosam
590 1399 627 1443 ex
644 1380 710 1463 lege
724 1381 762 1444 Si
775 1381 842 1463 quir
856 1385 891 1460 ἓ,
911 1381 956 1442 tit.
973 1383 1028 1456 re,
1045 1379 1094 1442 lib.
1114 1381 1152 1458 3,

180 1468 253 1529 dod.
268 1469 428 1532 iustiniani
443 1470 516 1552 (Ap.
534 1471 641 1548 Bouix,
657 1469 712 1547 r'b.,
728 1491 758 1553 p.
769 1470 930 1553 29l);—2⁰
945 1469 1027 1552 quod
1037 1487 1106 1560 peus
1122 1469 1154 1532 in

182 1557 247 1619 loco
261 1558 304 1620 rei
318 1558 381 1620 sitae
393 1561 546 1622 conveniri
560 1561 665 1642 nequit
679 1561 735 1622 nisi
750 1560 868 1622 actione
883 1559 970 1636 reali,
985 1559 1031 1621 vel
1044 1561 1153 1638 mixte,

183 1664 244 1707 non
257 1647 328 1708 verd
342 1647 458 1710 actione
473 1651 555 1712 mere
577 1649 725 1731 personali
742 1667 750 1710 ε
768 1649 849 1711 unde
861 1648 954 1729 iudex
968 1649 1107 1710 territorii
1123 1649 1154 1712 in

182 1754 243 1816 quo
257 1753 305 1798 res
325 1743 370 1798 est
392 1737 462 1814 sita,
485 1757 547 1800 non
571 1745 669 1821 potest
683 1739 845 1821 procedere
867 1747 970 1802 contra
993 1757 1154 1820 personam

182 1826 362 1905 possessoris
376 1826 437 1904 rei,
452 1835 504 1890 aut
525 1845 596 1890 eum
610 1835 644 1892 ut
663 1835 873 1891 contumacem
893 1827 1095 1892 condemnare
1110 1829 1155 1892 vel

183 1915 312 1994 punire,
338 1916 488 1998 cumipse
510 1935 572 1979 non
587 1919 625 1980 sit
637 1917 771 1998 subjecta
785 1936 838 2000 per
852 1936 884 1980 se
899 1917 992 2000 ipsius
1012 1917 1154 1998 jurisdic-

184 2003 273 2081 tioni3
293 2004 345 2068 sed
368 2011 465 2087 potest
490 2011 595 2069 contra
616 2024 820 2089 possessorem
842 2005 1005 2089 procedere
1020 2007 1153 2088 realiter,

183 2093 260 2154 utel
282 2095 389 2157 citatus
409 2113 471 2158 non
500 2103 690 2178 compareat,
715 2102 848 2158 actorem
872 2096 988 2159 mittere
1006 2099 1099 2180 possit
1125 2099 1156 2160 in

185 2183 403 2261 possessionem
417 2184 567 2246 bonorum
590 2203 659 2265 quae
673 2186 705 2246 in
719 2185 814 2267 ipsius
828 2186 975 2248 territorio
990 2187 1044 2249 sila
1064 2195 1155 2268 sunt;

185 2269 326 2351 idemque
344 2277 389 2334 est
408 2271 447 2334 de
466 2273 583 2334 actione
603 2274 718 2349 mixte,
742 2293 795 2338 seu
810 2275 841 2336 in
866 2293 931 2336 rem
945 2277 1070 2358 scripta,
1086 2277 1158 2358 quia

184 2357 250 2420 talis
266 2359 343 2420 actio
357 2377 418 2420 non
433 2360 532 2422 solirrn
545 2379 725 2443 personam,
741 2362 898 2426 sedetiam
918 2383 983 2426 rem
1003 2367 1155 2448 sequitur3
1261 2398 1262 2415 .

184 2479 224 2492 -
233 2449 266 2508 3ο
279 2445 371 2509 tloro
384 2449 426 2510 rei
438 2451 500 2512 site
516 2469 578 2514 non
587 2450 862 2514 excluditurlorum
882 2452 1024 2516 domicilii
1035 2474 1043 2515 :
1053 2455 1084 2517 in
1094 2475 1158 2538 quo

185 2541 286 2600 tamen
300 2543 345 2599 est
364 2537 464 2620 aliqua
479 2541 692 2618 controversia,
707 2547 740 2604 ut
749 2540 849 2604 videre
869 2549 914 2604 est
933 2561 982 2624 up.
1005 2545 1042 2605 ll.
1059 2545 1158 2611 Bouix

184 2643 220 2686 cx
235 2645 301 2708 cap.
317 2626 396 2690 Sane
409 2631 447 2707 3,
462 2630 508 2691 tit.
521 2633 555 2704 2,
572 2629 625 2693 lib.
641 2635 660 2692 2
675 2633 804 2708 Decret3
822 2665 861 2678 —
873 2637 906 2694 4⁰
921 2631 1020 2694 lorum
1036 2635 1078 2697 rei
1093 2636 1160 2700 sitae

185 2716 307 2776 sortitur
321 2735 391 2778 reus
404 2717 493 2780 etiam
509 2718 631 2800 quando
649 2737 697 2782 res
711 2727 756 2782 est
776 2719 916 2799 mobilis,
932 2720 1070 2786 meddin
1091 2725 1159 2790 loco

185 2803 289 2864 existat
298 2813 509 2885 permanenter
525 2809 667 2870 nonverd
677 2807 821 2871 duntaxat
838 2827 891 2891 per
900 2811 1070 2875 transitum.
1082 2813 1163 2879 Vide

187 2890 279 2952 Bouix
294 2891 390 2970 (iric,
405 2912 436 2975 p.
453 2897 487 2972 Ξ,
503 2913 533 2976 p.
550 2899 630 2976 294),
647 2897 698 2959 ubi
714 2898 884 2960 indicantur
896 2899 1035 2981 quaedam
1050 2919 1162 2988 excep-

185 2979 283 3041 tiones
296 2979 451 3045 faciende.

226 3071 315 3132 5696.
338 3070 442 3142 Ouoad
462 3072 585 3135 tandem
608 3076 799 3139 ordinarium
821 3077 877 3141 loci
894 3079 925 3142 in
939 3099 1000 3163 quo
1013 3082 1159 3148 delictum

185 3158 384 3221 commissum
395 3159 469 3240 luit,
485 3169 555 3225 nota
571 3166 602 3224 l·
616 3165 810 3247 excipiendos
821 3185 887 3231 esse
901 3171 1065 3254 Episcopus
1084 3193 1163 3256 quoa

186 3266 254 3311 rum
269 3249 419 3330 graviores
431 3268 529 3314 causae
542 3253 714 3316 criminales
736 3255 805 3318 Sedi
823 3259 1017 3340 Apostolicae,
1033 3261 1161 3328 leviores

186 3338 256 3398 verd
279 3337 586 3419 SynodoProvinciali
608 3347 831 3408 reservanturt
852 3347 943 3411 Gonc.
963 3349 1097 3414 Trident.
1119 3353 1161 3416 ob

189 3423 307 3486 illorum
320 3427 505 3490 eminentem
515 3427 703 3511 dignitatem
711 3439 789 3498 -20
795 3435 989 3500 ordinarium
996 3437 1161 3504 locidelicti

187 3528 275 3592 posse
294 3514 418 3594 quidem
435 3515 474 3578 de
490 3517 600 3581 delicto
620 3521 653 3582 in
675 3540 731 3586 suo
754 3525 902 3588 territorio
922 3529 1086 3594 commisso
1106 3549 1161 3594 co·

189 3615 334 3680 gnoscere
347 3607 380 3663 et
395 3607 574 3668 sententiam
588 3607 684 3686 ferra,
708 3629 769 3673 non
789 3621 889 3676 autern
903 3615 941 3678 de
959 3617 1073 3680 delictis
1087 3620 1160 3684 alibi

190 3685 372 3766 commosin
387 3719 428 3737 -·
437 3693 470 3753 ³·
479 3709 565 3774 posse
575 3696 709 3762 reumata
718 3699 868 3784 Episcopo
875 3700 933 3770 loci
946 3703 1047 3768 delicti
1059 3707 1162 3788 puniri
