2452 3984
400 270 633 319 commanus.
951 265 1011 324 269
1094 241 1098 248 ’

74 395 162 454 6248.
177 387 298 464 Quaerit.
314 390 344 447 l⁰
354 386 432 462 Quid
451 385 645 449 sentiendum
661 384 698 446 sil
708 383 746 446 de
759 384 843 467 vlrgd
862 385 1005 454 bifurcata

44 483 93 560 qud
108 481 206 543 lontes
221 485 250 541 et
267 494 316 538 res
326 475 494 558 deperditas
504 475 550 538 vel
564 473 723 537 occulme
736 475 952 542 inveniuntur?

74 571 163 652 Resp.
188 570 222 630 ln
244 565 396 647 duplicem
414 564 540 628 classem
556 581 644 646 posse
657 562 749 626 dividi
774 563 897 630 effectus
920 569 1011 650 virge

44 655 209 722 bilurcatae:
225 655 275 718 alii
291 654 373 717 enim
390 661 462 716 sunt
474 653 633 736 dequibus
646 651 773 716 dubitari
790 661 888 735 potest
897 675 936 719 an
950 659 1010 722 sint

44 746 203 822 naturalem
218 744 269 808 alii
277 743 520 826 verdquoscactd
529 748 646 806 constat
655 759 800 824 superare
819 745 897 806 viros
907 745 1011 811 huma-

43 851 104 898 nas:
120 835 230 917 prioris
245 832 363 915 generis
376 839 449 897 sunt
462 837 561 895 motus
581 829 755 911 huiusmodi
782 833 874 914 virgae
888 836 1011 917 quando

42 925 180 1006 quiillam
203 920 330 986 adhibet
356 927 415 983 stat
426 939 517 1002 supra
534 920 660 998 iontem,
688 920 733 982 vel
756 939 849 1002 supra
864 925 1009 986 metalla:

43 1013 138 1093 piures
156 1011 239 1076 enim
253 1010 449 1075 inveniuntur
463 1027 602 1092 persone
618 1027 688 1092 quae
701 1008 732 1072 in
753 1008 833 1072 dicto
854 1029 926 1075 casu
942 1014 1012 1097 phy-

41 1101 95 1164 sice
106 1089 349 1178 commorentur,-
359 1117 427 1201 qua
440 1097 567 1181 proinde
581 1095 659 1160 fortb
668 1105 791 1179 possent
804 1097 1012 1166 huncmotum

41 1189 122 1254 dicte
133 1191 230 1271 virgae
244 1189 482 1252 communicare.
498 1187 586 1252 Unde
600 1187 700 1270 quoad
714 1187 814 1252 lontes
827 1195 858 1252 ot
871 1191 1010 1272 metella,

43 1295 97 1340 nnn
115 1279 192 1342 benb
207 1295 327 1358 semper
339 1284 456 1342 constat
469 1296 509 1339 an
523 1275 648 1354 effectus
661 1293 724 1340 non
738 1275 776 1340 sit
786 1280 941 1344 naturalis.

78 1367 207 1431 Secundi
231 1373 332 1430 autem
347 1367 470 1449 generis
493 1373 593 1430 essent
615 1373 717 1430 motus
730 1367 821 1450 virga
841 1370 943 1450 quoad
965 1389 1013 1436 res

41 1455 216 1538 deperditas,
240 1455 320 1519 furto
340 1462 459 1538 ereptas
479 1463 510 1519 et
544 1456 706 1520 occultatas
725 1474 735 1519 s
756 1457 913 1546 manifeste
928 1461 1011 1522 enim

42 1563 136 1619 motus
149 1556 202 1638 qui
219 1573 280 1618 non
297 1555 478 1636 contingunt
496 1555 575 1618 circa
589 1553 712 1636 aliquod
726 1574 835 1638 corpus
862 1557 919 1619 nisi
941 1559 1013 1640 quin

42 1652 83 1707 est
100 1644 292 1726 deperditum
315 1644 361 1707 vel
389 1644 590 1722 occultatum,
625 1659 748 1708 eausam
770 1645 924 1726 physicam
951 1665 1012 1710 non

45 1733 161 1808 habent,
178 1731 231 1796 sed
246 1733 284 1796 ab
306 1733 408 1816 aliquo
421 1739 529 1813 agente
543 1733 660 1796 occulte
675 1733 863 1816 procedunt,
889 1737 963 1818 qui,
981 1739 1012 1800 in

42 1841 118 1897 cusu,
133 1824 210 1887 alius
225 1826 355 1926 supponi
370 1823 476 1904 nequit
490 1823 545 1885 nisi
539 1821 718 1899 'diabolus;
743 1825 918 1887 naturaliter
931 1829 1012 1889 enirn

42 1913 116 1994 uirga
131 1932 193 1976 non
208 1913 304 1996 magis
318 1917 415 1995 potest
429 1913 540 1974 moveri
555 1913 635 1975 circa
655 1911 788 1994 lapidem
802 1932 857 1992 pro
868 1914 1014 1978 limitibus

43 2004 234 2066 constitutum
261 2004 354 2084 qubm
375 2019 468 2082 super
503 2000 598 2062 aliurn
627 2000 769 2082 lapidem.
798 2004 831 2062 ln
858 2001 917 2064 hoc
940 2023 1013 2085 ergo

42 2093 171 2154 secundo
191 2109 264 2154 casu
279 2109 352 2154 usus
374 2091 465 2172 virgea
488 2089 642 2153 bilurcatae
654 2097 699 2152 est
712 2091 793 2152 certa
807 2089 1014 2155 diabolicuset

43 2181 164 2261 proinde
200 2179 341 2256 illicitus;
365 2179 396 2243 in
419 2179 511 2263 priori
534 2179 607 2242 vert
635 2179 870 2242 exanimandum
903 2187 948 2243 est
974 2201 1013 2246 an
1084 2180 1088 2186 '

43 2277 137 2333 motus
156 2269 357 2350 ,contingant
377 2267 567 2332 uniformiter
580 2286 616 2331 ao
633 2267 903 2350 independenterb
925 2272 1014 2334 certis

42 2359 179 2440 precibus
214 2365 267 2421 aut
288 2358 540 2422 conventionibus
567 2359 649 2420 merb
676 2358 858 2436 arbitrariis;
884 2361 1013 2424 sienim

41 2456 321 2529 moveatursampar
334 2449 433 2529 virga,
445 2446 569 2530 quando
583 2446 635 2527 qui
649 2447 733 2509 illam
755 2455 837 2510 tanet
852 2447 906 2509 stat
923 2469 1014 2530 super

41 2555 148 2618 aquam
163 2541 215 2600 nul
229 2537 348 2600 metalla
365 2585 373 2615 ‚
389 2543 490 2600 molus
504 2536 607 2598 baberi
627 2535 740 2617 poterit
762 2542 795 2598 ut
807 2535 950 2598 naturalis
963 2543 1015 2600 aut

42 2626 180 2708 physicus
196 2647 204 2701 ;
224 2627 249 2689 si
259 2629 330 2689 verd
343 2645 404 2689 non
415 2632 585 2700 moveatur,
601 2624 658 2686 nisi
674 2623 745 2706 quia
760 2622 828 2687 lons
841 2624 889 2688 vel
913 2626 1016 2688 metal-
1090 2630 1099 2650 '

42 2716 101 2779 lum
113 2715 274 2798 inquiritur
286 2715 332 2778 vel
346 2716 489 2778 duntaxat
499 2733 535 2778 eo
549 2721 706 2776 momento
721 2731 783 2794 quo
797 2715 815 2776 t
834 2713 916 2796 virga
930 2733 1014 2797 quae·

42 2806 113 2869 ritur
124 2825 163 2868 an
179 2823 257 2887 aqua
272 2804 346 2867 llual
359 2851 367 2882 ‚
381 2805 427 2868 vai
445 2804 599 2866 metallum
622 2801 769 2866 inlossum
792 2802 830 2865 sit
856 2803 933 2868 intra
959 2807 1013 2869 tria

43 2904 81 2965 vel
97 2912 228 2985 quatuor
256 2908 352 2964 metra
377 2901 433 2964 sub
454 2903 553 2979 terra,
567 2919 655 2963 secus
671 2899 794 2962 immota
813 2909 1012 2983 permaneat,

45 2995 117 3056 certe
146 2999 221 3054 tuno
236 2997 336 3054 motus
349 3009 410 3053 non
425 2999 470 3053 est
483 2991 635 3066 naturalis,
651 2992 723 3052 ciam
737 2997 843 3054 natura
857 2993 1014 3056 unilornri

46 3085 120 3144 teret
134 3079 305 3142 secundiani
320 3080 441 3160 regulas
465 3087 636 3142 constantes
647 3085 735 3161 agat:
750 3080 876 3162 proinde
902 3081 934 3143 in
959 3082 1015 3143 hoe

44 3189 127 3246 orsu,
144 3170 387 3251 ususrirgaeerit
400 3169 483 3232 certd
505 3169 635 3231 illicitus.
663 3169 729 3230 lind
751 3168 921 3232 deterrendi
946 3177 1023 3231 sunt·

42 3257 276 3342 scruperfideles
290 3257 327 3320 ab
344 3257 517 3338 hujusmodi
545 3258 760 3340 experimentis
782 3258 822 3319 ob
846 3258 1015 3340 periculum

1 3383 2 3386 =
42 3347 259 3430 superstitionis
272 3348 315 3410 eis
326 3347 511 3410 inhaerentis
527 3346 643 3410 Vides.
655 3347 777 3428 Lignor.
791 3346 856 3426 (lib.
875 3345 906 3425 3,
919 3355 951 3406 n⁰
961 3347 992 3428 8)
1006 3366 1014 3418 ;

41 3445 66 3498 cl
77 3439 176 3500 uenae
189 3436 371 3500 dessciences
385 3437 483 3500 cecide.
501 3435 592 3518 (11⁰5.
610 3455 640 3519 p.
657 3433 843 3515 toa-tlt).
820 3439 830 3474 ¹

71 3614 175 3668 'lnboc
185 3629 269 3680 opera
280 3613 406 3680 periodica
421 3613 534 3664 narralll
546 3611 622 3664 conix
636 3609 741 3677 qnid:-
730 3607 840 3658 durior
851 3611 950 3674 quidam
963 3612 1016 3664 cie·
1043 3624 1049 3636 ·

41 3685 162 3738 tricus...
176 3685 328 3752 postulavit..
334 3681 766 3737 .deonlessarionunrsibilicereh
779 3677 976 3739 scientiaecausri.
988 3684 1017 3734 erl

40 3777 49 3807 ι
69 3759 139 3816 cited
150 3764 196 3807 ιιιι.
204 3755 353 3808 llltirmrusb
361 3771 415 3813 rau
408 3755 487 3809 tondit
498 3749 809 3807 conlassarrusdumnrodo
817 3752 1016 3804 protestationem
