2466 4258
163 237 220 300 732
391 254 527 303 utronno
547 255 649 300 sortus
668 253 749 300 runis
770 253 928 302 canonici.

161 371 285 435 Etenim
301 369 356 450 qui
373 369 452 431 liber
480 388 497 432 a
518 372 680 434 coactione
709 380 848 448 mature,
870 371 1035 438 facultate
1058 384 1092 438 et
1105 395 1157 458 op·

161 459 354 544 portunitate
369 459 565 524 reclamandi
578 478 642 524 non
655 459 764 536 utitiu,
780 471 938 525 censetur
954 467 1155 540 consentire,

153 557 192 614 et
205 547 469 629 ratificarequod
493 557 584 612 antea
612 549 731 614 invitus
752 557 847 630 atque
875 549 1027 616 adverso
1055 559 1160 620 animo

162 639 288 704 iecerat.
302 637 391 700 Unde
406 639 443 699 in
467 638 578 719 primis
590 639 649 700 erit
669 637 914 719 inquirendum,
934 653 1059 708 utrum
1074 663 1159 709 aceu-

162 730 242 792 sotio
256 737 409 812 tempore,
427 728 615 801 addicitur,
632 725 702 790 utili
724 723 804 790 lacta
821 728 883 808 sit3
898 740 933 792 et
950 731 982 795 si
1010 733 1081 798 hoc
1098 736 1159 816 jam

161 819 298 894 fluxerit,
314 815 521 898 quaerendum
537 816 607 888 erit,
624 833 765 897 quanam
790 814 830 878 de
858 835 961 882 causa
996 821 1069 886 hoc
1084 827 1161 888 aeti-

161 909 254 982 derit,
271 917 306 969 ut
316 907 452 986 judicari
471 907 577 986 possit,
593 913 700 968 utrum
714 905 875 974 accusatio
887 907 1108 976 admittenda
1123 933 1158 978 an

162 995 331 1078 rejicienda
348 995 397 1058 sit.
414 993 560 1058 Secundo
589 1013 654 1076 prae
675 993 776 1057 oculis
799 992 997 1062 habendum
1022 1003 1101 1078 erit,
1117 1024 1161 1066 so-

162 1086 326 1148 lummodo
340 1091 457 1147 metum
473 1101 612 1164 gravem,
624 1083 678 1163 qui
695 1101 809 1164 nempe
821 1083 855 1146 in
872 1084 988 1149 virum
1006 1099 1160 1154 constan-

161 1186 223 1240 tem
238 1174 341 1248 cadat,
358 1173 596 1236 matrimonium
620 1173 780 1246 dirimere,
801 1180 833 1234 et
854 1185 1107 1258 consequenter
1122 1181 1158 1242 ad

161 1265 251 1328 hune
279 1271 398 1326 metum
426 1261 655 1343 exquirendum
691 1279 803 1324 omnes
839 1263 906 1326 sive
937 1268 1158 1332 moderatoris

162 1363 306 1419 actorum
326 1355 391 1415 sive
406 1351 580 1414 defensoris
594 1351 789 1414 matrimonii
805 1350 1083 1436 investigationes
1094 1378 1158 1423 esse

161 1442 356 1526 dirigendas.
376 1443 475 1505 Porro
492 1442 628 1522 gravitas
639 1441 761 1504 timoris
775 1442 874 1504 oritur
888 1461 931 1504 ex
955 1457 1083 1510 natura
1099 1452 1155 1510 mi·

161 1551 287 1608 narum,
310 1549 347 1594 ex
363 1529 516 1610 qualitate
540 1539 607 1592 tum
636 1546 747 1594 eorum
777 1549 794 1592 a
823 1531 1035 1610 quibusillae
1060 1541 1154 1620 proti-

162 1626 334 1694 circuatur,
352 1628 419 1682 turn
431 1637 541 1682 eorum
558 1619 613 1700 qui
631 1637 688 1682 eas
709 1621 792 1701 passi
817 1619 990 1689 dicuntur.
1007 1623 1073 1690 lsta
1099 1631 1151 1690 tria
1225 1655 1226 1706 3

162 1715 268 1792 itaque
288 1719 382 1772 erunt
398 1710 569 1789 presertim
592 1708 824 1790 investiganda.

202 1801 251 1864 36.
266 1831 304 1848 ·-
319 1797 408 1861 Circa
422 1800 562 1878 primum
581 1797 691 1862 sedulo
704 1796 947 1878 inquirendum,
964 1811 1087 1870 utrum
1100 1809 1145 1886 qni

161 1892 201 1956 de
214 1887 352 1954 adhibita
366 1888 529 1950 coactione
543 1894 743 1961 accusantur,
757 1887 800 1948 ita
811 1893 1047 1956 consueverint
1066 1915 1137 1976 agro

160 1999 233 2045 cum
256 1993 402 2061 persona,
431 1995 501 2057 quae
529 1985 649 2056 coacta!
671 1975 799 2050 dieitur,
825 1982 860 2038 ut
885 1995 1026 2056 gravem
1059 1997 1139 2065 atara

162 2069 326 2134 molestam
350 2066 453 2130 eidem
472 2065 640 2128 redderent
667 2063 874 2128 domesticam
892 2075 924 2128 et
950 2066 1144 2135 familiarem

160 2157 446 2230 cohabitationem
472 2173 619 2236 quaenam
653 2153 771 2218 luerint
795 2155 828 2216 in
855 2157 962 2234 specie
993 2163 1147 2226 molestia

160 2249 264 2312 eidem
294 2247 407 2325 illatae3
436 2253 542 2308 utrum
571 2244 667 2308 verba
690 2245 777 2326 gravi
799 2243 1028 2323 indignatione
1055 2254 1147 2332 plena

160 2336 315 2414 adhibita,
327 2336 479 2399 intentata
492 2333 683 2398 hereditatis
699 2333 845 2414 privatio,
859 2334 1147 2422 ejectioepatema

161 2429 267 2502 domo,
281 2445 321 2490 au
337 2425 443 2488 addita
459 2425 554 2488 etiam
570 2423 714 2488 verbera.

200 2515 288 2580 Circa
308 2515 486 2580 secundum
513 2512 779 2576 considerandum
804 2520 862 2590 est,
889 2523 1003 2580 utrum
1030 2523 1088 2602 qui
1110 2521 1148 2585 de

159 2607 291 2670 illatori
307 2615 434 2672 metare
459 2612 659 2680 accusantur,
675 2605 774 2684 patria
789 2611 942 2685 potestate
957 2615 991 2670 et
1008 2615 1146 2676 auctori·

159 2703 223 2760 late
239 2697 405 2778 pollerent,
428 2713 468 2758 an
491 2695 546 2777 qui
562 2693 624 2756 vim
648 2700 808 2754 metumve
823 2691 907 2774 passi
934 2707 1025 2770 sunt,
1042 2702 1144 2766 nulla·

160 2794 253 2848 tenus
268 2785 379 2848 iisdem
396 2783 531 2863 subjecti
547 2780 685 2852 luerint:
702 2799 772 2863 que
786 2781 867 2842 ratio
882 2781 930 2844 vis
954 2784 1139 2861 inferendae,

160 2893 278 2954 magna
301 2891 343 2937 ne
367 2890 405 2936 ax
432 2871 634 2935 niatrimonio
651 2871 787 2952 propriae
808 2869 918 2934 domui
947 2875 1073 2940 utilitas
1090 2891 1136 2940 aur

160 2965 258 3028 decus
271 2961 511 3025 obventurum?
523 2979 594 3042 quar
610 2959 732 3024 indoles
753 2960 817 3021 vim
832 2959 1057 3040 inlereutium
1068 2985 1128 3048 qua

159 3053 313 3128 conditio,
329 3049 382 3132 qui
399 3066 522 3127 mores,
541 3068 603 3131 qua
624 3051 747 3112 ratione
769 3045 921 3114 lanriliam
942 3069 1057 3136 regere
1069 3071 1134 3118 eon·

158 3143 342 3216 sueverint;
358 3149 464 3201 utrum
476 3139 514 3202 ad
526 3139 723 3202 iracundiam
739 3147 769 3201 et
783 3139 969 3204 violentiam
987 3145 1031 3207 ita
1043 3157 1142 3210 essent

159 3230 325 3315 proclives,
356 3237 390 3292 ut
417 3229 509 3291 facile
535 3228 620 3310 quod
649 3230 866 3305 minabantur,
888 3231 1095 3312 perlicerent,
1115 3247 1143 3298 et

159 3321 266 3385 animo
278 3319 322 3380 ita
334 3327 439 3382 esseut
454 3320 535 3381 duro
550 3327 645 3400 atque
657 3318 827 3394 obstinato,
844 3329 878 3382 ut
894 3339 913 3382 a
932 3326 1064 3386 nemine
1085 3325 1144 3386 sibi

158 3408 330 3474 contradici
353 3418 408 3472 aut
425 3409 568 3473 consiliis
592 3410 660 3471 suis
674 3409 904 3490 impedimenta
925 3411 1025 3492 objici
1055 3425 1144 3495 pate-

159 3513 277 3564 rentur.
645 3559 647 3567 Α

200 3589 307 3660 Quoad
320 3591 448 3655 tertium
462 3591 543 3653 ratio
555 3587 703 3668 habenda
722 3591 782 3651 erit
796 3589 938 3669 primum
954 3609 1052 3656 sexus
1075 3611 1145 3676 per·
