2452 3984
187 243 244 303 erlo
409 257 548 304 annuam
566 259 668 306 rorms
686 259 769 306 runis
789 259 940 308 cenomer.

187 353 418 435 obligationem,
438 361 467 416 et
481 355 523 417 sic
544 356 690 418 motivum
705 357 889 420 convertitur
905 355 937 419 iu
955 356 1095 438 prelium.
1107 357 1141 418 lta
1201 339 1202 344 ἵ

189 443 268 504 idem
283 445 314 504 S.
327 443 448 524 Liguor.
465 443 527 520 (lib.
539 447 571 522 3,
586 456 621 505 n⁰
633 447 694 522 54).

228 535 317 594 illitss.
334 532 457 604 Querit.
472 537 504 594 2⁰
525 535 572 594 lln
586 532 625 594 sit
642 532 841 596 simoniacum
860 532 1014 598 celebrare
1033 532 1141 608 miss,

189 617 398 682 administrare
416 627 618 698 sacramenta,
639 621 776 686 assistere
790 622 904 702 choro,
923 622 1111 698 concionari,
1122 627 1145 682 et

190 707 299 769 similia
311 725 471 790 peragere,
487 707 691 791 principaliter
701 709 741 771 ob
752 710 958 775 emolumenta
966 708 1144 792 temporalia?

230 797 320 878 Resp.
339 798 375 858 ln
388 796 446 860 hoe
465 815 526 860 non
544 798 728 860 concordare
742 801 819 862 Dua
834 799 882 861 alii
899 801 984 862 enim
1000 798 1143 870 affirmant

186 885 240 973 'alii
264 887 336 948 vero
359 891 489 968 negant;
514 889 690 968 negantium
715 888 786 951 verit
808 889 956 952 sententia
980 887 1146 970 probabilior

193 979 314 1036 vocatur
333 976 349 1035 a
365 975 395 1037 S.
419 975 577 1055 liguorio,
592 977 663 1057 quia
677 975 806 1040 simonia
820 975 945 1060 quidem
965 984 1011 1040 est
1028 976 1147 1056 accipere
1202 983 1203 986 ’

193 1063 359 1144 temporale
368 1081 423 1143 pro
434 1063 528 1144 pretio
542 1064 722 1144 spiritualis,
737 1066 864 1128 minime
875 1066 946 1128 verll
960 1065 987 1128 si
999 1062 1148 1146 temporale

193 1152 356 1233 accipiatur
367 1159 512 1231 tanquam
526 1152 709 1233 stipendium
723 1153 760 1215 ad
774 1153 1025 1217 sustentationem
1038 1149 1149 1214 ministri
1202 1187 1203 1224 3

195 1241 247 1320 qui
262 1239 415 1320 spirituale
430 1257 542 1302 munus
555 1247 692 1304 exercet:
708 1242 880 1304 sicutenim
899 1242 1084 1305 simoniacus
1101 1257 1150 1300 non
1199 1235 1203 1316 j

195 1333 241 1388 est
262 1327 314 1409 qui
332 1327 516 1410 stipendium
533 1328 584 1392 dat
601 1330 806 1411 principaliter
827 1337 949 1412 propter
967 1331 1106 1404 missam,
1121 1330 1152 1388 ila
1202 1325 1203 1330 ’

195 1417 248 1497 qul
270 1416 393 1478 missam
405 1417 535 1480 celebrat
554 1417 759 1500 principaliter
778 1425 901 1501 propter
920 1419 1113 1501 stipendium.
1126 1419 1151 1476 ln

196 1504 255 1568 hoe
278 1513 378 1568 lamen
399 1505 519 1568 difficile
541 1507 584 1569 sic
605 1507 761 1570 celebrans
791 1515 985 1570 excusarelur
1007 1506 1047 1569 ab
1068 1507 1152 1587 aliqui

197 1594 300 1676 culpi,
315 1595 387 1656 eum
408 1594 445 1656 sit
459 1594 598 1675 quasdem
613 1594 794 1659 inordinatio
807 1596 938 1680 dirigere
950 1591 1153 1678 spiritusllaad
1203 1591 1204 1676 g

198 1681 389 1764 temporalia,
405 1682 458 1745 sed
472 1701 533 1745 non
548 1683 616 1746 ideo
629 1691 706 1746 esset
720 1685 860 1748 simonia.
1203 1685 1204 1719 ³

237 1775 299 1834 Nec
326 1771 422 1834 obstat
448 1772 611 1854 propositio
637 1777 677 1834 tlt
705 1793 795 1855 supra
824 1775 935 1850 relata,
958 1774 1012 1836 ubi
1037 1773 1153 1836 dicitur:

199 1863 231 1924 Ε
233 1861 333 1922 tiamsi
348 1861 503 1942 temporale
513 1862 555 1922 sit
562 1861 732 1943 principale
745 1863 883 1925 motivum
895 1861 986 1924 dandi
998 1861 1154 1944 spirituale,

200 1950 270 2032 quia
285 1951 315 2011 in
334 1949 412 2012 diolll
432 1950 635 2032 propositione
655 1951 801 2014 motivum
824 1951 967 2032 accipitur
985 1969 1042 2031 pro
1061 1949 1156 2012 eodem

200 2059 234 2101 ao
243 2040 372 2120 pretium
387 2040 432 2101 rei
442 2038 619 2122 spiritualis,
632 2045 663 2102 el
676 2039 707 2100 in
722 2043 821 2102 nostrl
836 2039 992 2122 hypothesi
1006 2035 1157 2119 temporale

200 2128 298 2205 datur,
314 2147 374 2190 non
395 2135 428 2190 ut
448 2129 576 2209 prelium
599 2134 643 2190 rei
662 2128 851 2210 spiritualis,
865 2127 918 2190 sed
936 2127 967 2192 io
984 2126 1157 2208 stipendium

201 2235 336 2298 personae
345 2223 497 2296 occupatas
512 2216 542 2276 in
557 2218 683 2296 gratiam
694 2215 816 2279 alterius
827 2236 835 2276 t
847 2215 879 2278 in
892 2233 954 2297 quo
963 2233 1054 2278 sensu
1068 2215 1160 2277 liceret
1202 2204 1207 2291 f

201 2305 306 2380 eliam,
321 2303 359 2366 ad
373 2303 511 2385 stipendii
527 2304 651 2367 modum
669 2304 741 2367 dere
757 2305 882 2387 pauperi
895 2304 1056 2386 pecuniam
1070 2309 1104 2365 ul
1114 2319 1160 2384 pro
1202 2304 1206 2319 '

202 2394 375 2456 danleoret.
391 2395 422 2455 S.
434 2393 555 2474 Ligucr.
571 2393 634 2472 (lib.
650 2397 680 2470 3,
696 2397 800 2472 ddi).
1202 2456 1207 2465 ,

243 2486 332 2546 6159.
348 2483 470 2556 Ouaerit.
486 2484 516 2543 3ο
536 2485 582 2544 An
596 2482 634 2544 sit
647 2483 775 2544 simonia
789 2482 860 2545 dare
878 2480 993 2562 aliquid
1005 2477 1160 2562 temporale
1201 2474 1207 2531 l

203 2573 260 2636 sub
273 2572 444 2635 conditione
457 2571 500 2633 rei
514 2571 675 2653 spiritualis
688 2589 756 2653 quae
764 2575 867 2652 vergat
875 2571 906 2632 in
921 2569 1078 2632 utilitatem
1089 2568 1160 2632 acel-

204 2661 312 2742 pienlis
329 2680 335 2721 :
352 2679 380 2722 v.
396 2681 426 2742 g.
442 2659 513 2722 dare
533 2659 634 2724 dotem
649 2660 756 2742 puellae
771 2660 796 2722 si
814 2657 1000 2740 ingrediatur
1017 2662 1160 2720 monaste·

205 2749 301 2824 risum
318 2767 444 2812 munera
457 2747 638 2812 adolescenti
652 2750 676 2810 si
691 2755 878 2812 sacramenta
891 2746 1082 2828 frequentet?

245 2839 334 2920 Resp.
360 2838 390 2899 Si
413 2837 562 2918 accipiens
582 2856 644 2900 non
658 2837 806 2918 obligetur
822 2833 861 2898 ad
881 2853 947 2897 rem
964 2833 1159 2916 spiritualem,

207 2945 269 2990 non
291 2931 336 2988 est
354 2926 502 3002 simonia,
521 2925 554 2987 in
573 2925 624 2988 tali
644 2927 859 3008 prestatione:
881 2923 954 3006 quia
966 2929 1012 2984 est
1028 2923 1162 2985 duntaxat
1209 2963 1210 2970 1

207 3015 328 3080 donatio
342 3015 398 3077 sub
412 3013 583 3077 conditione
601 3014 700 3092 licito3
716 3031 802 3077 secus
822 3013 848 3074 si
870 3011 1077 3094 imponeretur
1093 3009 1161 3072 obli-

207 3107 298 3188 gatio,
309 3105 353 3168 vel
362 3105 386 3166 si
395 3103 527 3166 conditio
541 3110 619 3166 esset
628 3106 659 3166 in
668 3103 824 3166 utilitatem
833 3100 943 3178 dantis,
956 3101 1028 3183 qula
1040 3108 1108 3163 tunc
1120 3113 1162 3159 res

207 3193 380 3277 temporalis
393 3199 470 3254 esset
482 3193 563 3255 velut
581 3193 711 3275 pretium
730 3192 775 3254 rei
793 3189 964 3273 spiritualis.
981 3189 1056 3252 Vide
1074 3189 1102 3252 S.
1122 3184 1163 3246 p„

209 3303 309 3364 guen,
324 3281 375 3344 lib.
388 3285 417 3356 3,
434 3285 529 3346 11059.

249 3375 337 3434 6160.
354 3371 475 3443 Quaerit.
494 3375 527 3432 4⁰
547 3373 594 3433 lln
608 3370 646 3432 sil
665 3369 793 3433 simonia
810 3369 883 3432 dere
900 3367 1081 3432 beneficium
1098 3377 1161 3426 cum

209 3477 301 3520 onere
314 3477 380 3522 rem
393 3459 577 3540 spiritualem
591 3459 773 3540 praestandi?

251 3549 339 3626 Resp.
355 3549 386 3608 Si
400 3547 475 3608 illud
489 3567 566 3610 onus
578 3549 641 3627 jam
658 3548 696 3608 sit
714 3549 837 3610 insitum
850 3547 1018 3622 beneficio,
1035 3543 1080 3608 vel
1092 3544 1114 3604 si
1128 3537 1162 3600 ab

215 3633 359 3714 Episcopo
372 3652 443 3695 eum
458 3636 592 3714 Capitulo
606 3633 753 3697 beneficio
763 3637 879 3699 vacanti
894 3637 1078 3716 imponatur,
1092 3649 1117 3690 r.
1133 3647 1159 3706 g.
