2466 4258
240 231 298 300 lto
461 256 546 301 uranu
569 219 702 301 rannus.
731 269 771 283 -
790 229 1000 302 arrsnorcss.

239 376 345 449 licam,
370 373 591 451 apostolicam,
626 391 805 447 romanam,
833 392 913 435 eam
945 392 1022 436 esse
1051 373 1203 452 religirm

239 483 333 542 squam
350 465 442 540 longe
458 463 685 542 maximopere
701 462 817 523 civium
838 463 1029 526 Gallicanas
1047 465 1201 544 Reipulsr.

240 554 419 633 profitetur.

278 644 426 705 Summus
455 641 601 702 Pontifex
638 640 708 721 pari
739 640 835 702 modo
849 651 1067 722 recognoscit
1095 650 1206 706 camir}

240 731 427 810 religionem
455 732 631 790 maximam
656 729 825 791 utilitatem
853 736 1112 818 maximumque
1138 740 1207 798 ileu.i

239 823 431 902 percepisse,
445 827 476 880 ot
490 821 550 879 hoc
566 837 691 898 quoque
708 826 850 898 tempore
867 829 1063 898 praestolari
1072 849 1112 890 ex
1127 828 1209 887 call.·-

239 915 298 974 lico
314 912 400 972 cultu
420 909 451 970 in
467 910 567 970 Gallia
585 908 762 982 constituto,
780 926 912 972 necnon
937 932 980 974 ex
997 917 1207 994 peculiariqs

240 1000 445 1080 professione,
461 1016 557 1076 quam
569 997 689 1058 faciunt
704 996 901 1074 Reipublicae
918 1003 1097 1068 Consules.

281 1095 436 1152 flaccum
459 1088 503 1149 ita
525 1088 696 1164 sintatque
718 1086 870 1166 utrinque
888 1096 1083 1172 recognita,
1109 1093 1208 1156 adral-

240 1182 344 1260 gionis
367 1181 486 1240 bonum
512 1177 710 1254 internaeque
726 1177 977 1254 tranquillitatis
1010 1184 1207 1246 conservatis

241 1289 326 1342 nem,
339 1288 376 1330 ea
392 1287 463 1347 quae
479 1271 656 1345 sequuntur
677 1265 761 1326 inter
776 1265 861 1342 ipsos
877 1281 1048 1333 conventa
1065 1284 1157 1335 sunt:

279 1361 352 1421 Aur.
376 1359 400 1420 Ι.
419 1392 456 1403 -
474 1355 594 1432 Religio
611 1354 779 1430 catholica,
795 1359 992 1437 apostolica,
1017 1382 1164 1430 romana.
1183 1363 1204 1421 1.-

239 1453 314 1510 bcre
340 1450 372 1509 in
389 1447 491 1508 Gallia
507 1444 720 1507 exercebitur.
737 1444 847 1522 Cultus
859 1449 1016 1524 publicus
1029 1455 1104 1524 erit,
1121 1455 1193 1513 bas:

240 1547 343 1599 tamen
383 1537 505 1597 ratione
546 1534 779 1594 ordinationum
808 1536 916 1614 quoad
950 1540 1119 1618 politiam,
1147 1561 1201 1620 qus·

239 1627 434 1688 Gubernium
457 1642 513 1704 pro
529 1623 658 1702 publica
673 1623 906 1703 tranquillitate
918 1632 1128 1692 necessarias
1145 1650 1175 1691 er
1186 1661 1200 1686 :-

239 1717 376 1776 timabit.

279 1806 353 1865 bns.
371 1801 407 1865 ll.
425 1837 464 1849 -
494 1803 541 1863 Ab
558 1801 739 1882 apostolica
754 1800 845 1879 Sede,
874 1805 1005 1869 collatis
1019 1827 1094 1871 cum
1109 1810 1195 1870 Galia

239 1895 397 1958 Gubernio
420 1893 571 1967 consiliis,
599 1891 689 1952 novis
719 1891 835 1952 finibus
864 1892 1052 1960 Galliarum
1080 1900 1188 1960 dias-a·-

239 1982 553 2047 circumscribentur.

234 2065 240 2070 ’
278 2078 348 2134 Aur.
367 2073 417 2133 lll.
432 2105 467 2117 —
490 2073 638 2132 Summus
654 2070 800 2131 Pontifex
814 2069 1003 2135 titularibus
1028 2076 1193 2138 Gallicum

238 2163 444 2226 ecclesiarum
470 2161 628 2238 episcopis
656 2160 848 2237 significabit
863 2177 898 2223 se
914 2162 955 2223 ab
979 2163 1034 2242 iia,
1057 2185 1114 2244 pro
1138 2167 1182 2223 'rr-n

237 2249 1198 2334 pacisetunitatisounfssacrificiafirmafiduciaexpeusu.

239 2364 275 2405 co
317 2360 381 2402 non
416 2347 548 2420 excepto
583 2358 647 2418 quo
673 2338 760 2418 ipsas
789 2358 864 2401 suas
900 2340 1108 2420 episcopales
1133 2343 1197 2403 :aas

238 2435 414 2511 resignent.

279 2526 343 2583 llac
373 2520 551 2582 hortatione
582 2519 759 2598 praemissa,
776 2519 803 2580 si
831 2517 906 2582 huic
928 2521 1108 2597 sacrificio,
1137 2539 1197 2598 qua

239 2613 388 2676 Ecclesiae
413 2611 532 2671 bonum
558 2610 668 2686 exigit,
695 2627 828 2671 renuere
858 2609 919 2688 ipsi
941 2610 1069 2672 vellent
1096 2613 1198 2692 {lia-ria:

238 2711 342 2766 autem
356 2719 448 2780 posse
464 2717 606 2759 summus
618 2699 764 2760 Pontifex
781 2718 914 2760 sunnon
936 2707 1072 2778 reputat
1087 2703 1177 2760 anim.
1194 2746 1197 2759 .

237 2792 523 2873 gubernationibus
539 2787 733 2850 Gallicarum
757 2788 963 2850 ecclesiarum
978 2809 1073 2852 norae
1084 2792 1198 2852 curua·

238 2882 418 2962 scriptionis
436 2881 474 2941 de
488 2879 577 2940 novis
595 2876 778 2939 titularibus
794 2878 1036 2957 providebitur,
1049 2899 1087 2942 eo
1101 2879 1148 2960 qui

237 2975 345 3056 quitur
359 2971 466 3032 modo.

276 3068 351 3127 aur,
374 3061 423 3123 fv.
447 3094 484 3107 —
512 3059 629 3121 Consul
658 3059 780 3138 primus
809 3057 980 3120 Gallicanae
1011 3055 1191 3138 netpbfcu

237 3157 323 3217 intra
361 3158 423 3213 tres
459 3168 585 3210 menses
622 3149 677 3227 qui
717 3147 1008 3227 promulgationem
1066 3152 1201 3212 uon-sua-

237 3244 331 3304 fiunis
359 3239 539 3320 apostolicae
569 3244 816 3317 consequentur,
849 3237 1117 3318 archiepiscopos
1140 3245 1202 3297 ets

236 3334 382 3411 piscopos
417 3349 506 3391 novae
545 3326 1081 3405 circumscriptionis-dtoeeesinus
1123 3343 1203 3408 prs*

237 3422 362 3482 ciendos
405 3418 593 3480 nominabit.
636 3417 784 3477 Summus
813 3417 959 3480 Pontifex
989 3418 1199 3480 instituti-n:

237 3509 425 3570 canonicam
454 3509 540 3568 <labit
550 3508 641 3585 juxta
665 3505 795 3578 formas,
810 3506 912 3568 relate
943 3507 986 3568 ad
1002 3507 1138 3582 Gallias,
1154 3520 1204 3568 au.-

236 3597 400 3676 rcgiminis
414 3597 694 3658 commutationem
711 3601 856 3658 statutas.
