2462 3984
380 195 466 300 usus
486 255 618 302 annuos.
930 243 989 302 tos

45 347 98 410 dan
114 350 144 412 in
161 353 266 430 causis,
289 352 336 416 oet
355 371 508 416 tonsorum
528 352 668 415 articulis
683 354 726 416 eis
747 355 924 435 comosissis,
939 375 996 418 oon

46 454 122 500 iumen
134 440 171 502 ad
181 440 288 505 eosdm
301 461 401 506 causas
413 441 631 506 sententialiter
643 441 835 524 dirimendas.

74 529 145 594 uere
161 529 314 614 delegata,
329 550 391 594 nou
410 533 483 596 vero
497 530 649 595 ordinaria
663 537 708 594 est
723 533 893 614 jurisdictio
907 534 998 598 Audi·

44 621 136 682 torum.

73 708 150 769 sust.
173 711 218 790 An
240 717 343 774 autem
362 709 402 773 ab
421 709 558 792 ipsorum
581 711 699 775 actibus
719 712 812 793 possit
825 713 995 796 appellari,
1033 707 1035 710 ’

43 795 157 874 negative
176 803 219 859 est
240 797 500 882 respondendum,
520 799 545 862 si
572 819 606 864 se
625 799 801 864 contineant
820 801 900 866 intra
921 802 998 866 fines

41 882 152 946 mandati
172 887 246 948 meri
262 886 433 966 Auditoris,
447 894 476 950 et
496 907 557 950 non
580 888 640 950 sint
661 888 772 950 merito
786 889 922 970 partibus
936 908 997 952 sus·

43 973 116 1050 pecti.
129 973 199 1038 Vide
213 975 293 1057 opud
308 976 345 1040 D.
361 977 460 1040 Bouix
471 977 526 1058 (De
539 976 654 1054 ludio,
669 983 743 1040 tom.
762 981 791 1055 t,
806 997 838 1060 p.
854 981 936 1058 tot).

71 1061 230 1143 Disputatur
243 1084 283 1128 an
298 1066 392 1130 laicus
405 1067 450 1129 vel
464 1065 594 1131 clericus
607 1068 786 1149 conjugatus
796 1066 890 1148 possit
901 1065 991 1152 depu·

41 1149 84 1209 tari
96 1157 232 1234 tanquam
246 1155 385 1220 Auditor.
402 1155 476 1219 Vide
490 1157 587 1220 Bouix
602 1156 671 1239 (id,
687 1177 718 1240 p.
734 1161 805 1234 462,
820 1158 903 1234 eto).

440 1330 521 1394 tut.
545 1329 579 1392 tl.

262 1443 301 1514 nu
321 1467 529 1552 sssrssonmus
551 1467 747 1516 orrrcmmmt.

74 1607 224 1670 stoa-t·
238 1614 426 1688 assessores,
438 1608 476 1671 ab
486 1607 635 1670 assidendo
643 1607 731 1684 dicti,
746 1613 817 1671 sunt
828 1607 870 1670 illi
880 1611 933 1690 qui
968 1609 999 1673 in

44 1709 100 1753 eum
118 1697 202 1759 tinem
218 1701 416 1761 assumuntur
434 1703 468 1759 ut
487 1697 581 1776 judici
599 1697 768 1774 assideant,
789 1715 924 1778 eumque
944 1717 1000 1762 suo

46 1783 149 1846 oonsilio
168 1785 382 1868 injudicando
403 1785 561 1867 adjuvent3
585 1783 712 1866 ideoque
727 1787 819 1848 etiam
833 1786 1000 1849 consiliarii

46 1877 177 1937 uocantur.

78 1963 221 2028 diod-2⁰
235 1969 282 2029 De
293 1967 361 2048 jure
371 1964 526 2029 communi
540 1966 711 2026 assessores
725 1963 918 2026 ecelesiastici
931 1963 1000 2026 nul-

50 2042 203 2118 lsmtubent
221 2054 481 2136 jurisdictionem
499 2053 698 2135 ipsorumque
715 2056 815 2132 partes
829 2057 901 2113 suut
921 2051 1000 2114 dun·

49 2139 112 2198 taxat
122 2143 251 2222 prebere
261 2143 357 2226 iudici
380 2142 526 2221 consilia,
546 2139 658 2223 quibus
676 2139 731 2202 ists
753 2139 923 2202 necessario
939 2158 1001 2204 non

49 2225 144 2290 tenetur
155 2231 289 2312 deterre3
303 2233 372 2313 jure
385 2237 487 2294 tamen
501 2228 674 2313 particulari
696 2247 745 2292 res
766 2227 851 2291 aliter
869 2225 1001 2292 ordinari

47 2323 161 2397 possunt,
174 2325 318 2403 certoque
331 2321 407 2384 valet
419 2320 587 2402 Episcopus
605 2319 695 2381 etiam
712 2317 827 2380 vicario
838 2335 894 2380 suo
906 2319 1002 2382 Gens·

49 2401 89 2462 rati
102 2405 248 2488 injungere
259 2417 294 2473 ut
302 2411 495 2473 dssessorum
509 2407 671 2472 consitium
682 2414 836 2487 sequatur,
852 2407 905 2470 sed
919 2407 944 2468 si
959 2408 1000 2470 itti

48 2496 200 2568 paenaliter
221 2501 255 2563 in
283 2497 425 2564 omnibus
448 2495 546 2561 causis
574 2497 653 2558 hanc
675 2495 881 2558 conditionem
906 2495 1000 2578 impo-

51 2587 255 2670 nneaegradu
264 2607 320 2652 suo
329 2606 401 2650 eum
414 2586 557 2667 dejiceret
565 2591 595 2648 st
606 2583 644 2647 ad
656 2583 732 2644 meri
747 2581 876 2662 delegati
891 2600 1002 2646 munus

51 2669 183 2756 redigeret,
194 2687 226 2742 ut
236 2696 327 2761 supra
337 2676 470 2740 diximus
480 2676 596 2758 (tras).
611 2675 716 2734 Posset
726 2677 826 2734 autem
837 2671 1003 2754 Episcopus

51 2763 130 2835 quood
151 2785 242 2832 unam
264 2767 311 2830 uel
328 2767 626 2830 alteramoausarum
649 2759 781 2842 speciem
799 2762 838 2838 (v.
855 2779 885 2841 g.
901 2761 1002 2843 quoad

52 2847 196 2918 criminales
209 2859 327 2934 causas)
339 2853 493 2937 prefatam
506 2851 716 2916 necessitatem
725 2851 892 2912 consensus
902 2853 1004 2916 Assos·

53 2947 136 3001 sotum
151 2951 297 3008 statuere:
313 2942 451 3026 quiahoc
466 2959 528 3004 non
547 2939 674 3022 impedit
686 2935 852 3019 quominus
865 2940 1002 3004 Vicarius

54 3019 180 3118 senatis
192 3032 392 3098 universalem
405 3029 646 3111 iurisdictionem
659 3025 893 3090 adhuoretineat
906 3045 1003 3091 mors·

54 3103 107 3173 lter
118 3115 272 3200 loquendo.

85 3205 237 3274 itti—3⁰
250 3213 285 3274 ln
300 3215 434 3272 mentem
449 3207 506 3270 sibi
520 3209 711 3290 ingesserunt
725 3212 822 3289 nuper
836 3205 1001 3288 presbyteri

53 3295 90 3350 sat
101 3300 241 3362 numerosi
254 3299 286 3362 iu
302 3299 408 3374 Gallie,
424 3297 639 3361 Officiatitatem
654 3315 709 3359 seu
721 3285 852 3358 tribudal
861 3293 1001 3376 Episcopi

57 3387 172 3462 opponi
186 3408 287 3471 posse,
308 3389 372 3451 imd
391 3395 422 3450 et
440 3387 551 3449 debere
568 3385 724 3466 judicibus
743 3382 895 3466 perpetuis
908 3387 938 3443 et
954 3401 1002 3445 ne·

56 3481 183 3551 quaquam
197 3477 231 3540 ad
250 3483 358 3541 nutum
374 3475 591 3538 revocabitibus
607 3494 615 3537 ι
632 3473 685 3536 scd
704 3475 735 3534 iu
750 3472 808 3534 hoc
826 3477 869 3533 est
883 3477 1003 3552 apertus

59 3569 133 3621 ‘troo
155 3565 258 3629 Nullibi
283 3566 365 3629 enim
389 3566 506 3645 injure
531 3563 703 3626 decernitur
724 3559 807 3642 quod
827 3558 943 3640 iudices
966 3561 1003 3624 ab

59 3639 188 3732 Episcopis
201 3656 258 3718 sint
272 3657 304 3718 in
319 3664 499 3740 perpetuum
513 3649 728 3728 constituendi,
744 3667 801 3711 noc
814 3667 846 3710 se
862 3666 918 3709 neo
933 3651 1002 3709 Suo
