2526 3988
444 363 530 412 umen
549 325 681 412 rannus.
1012 357 1045 414 u

90 457 154 519 tiae:
182 461 285 524 Prima
308 460 471 523 universim
494 461 622 524 affirmat
643 482 650 524 :
675 463 716 526 ita
740 465 771 526 S.
797 464 927 528 Thomas
950 471 988 544 ⁹2,
1018 471 1053 544 2,

89 565 116 628 q.
138 550 190 624 st,
214 553 270 611 art.
292 553 328 628 6,
352 549 390 613 ad
416 554 445 614 3.
470 550 604 616 Secunde
634 551 796 616 universim
825 561 948 636 negat:
983 555 1054 638 quia

89 655 145 699 non
166 636 234 700 licet
255 638 376 701 mentiri
396 646 425 702 et
444 647 489 704 est
511 640 626 704 malum
644 641 840 707 intrinsecum
863 645 1003 707 insontem
1026 653 1056 706 et

86 723 191 806 justam
215 725 343 791 eredere
362 725 481 807 (uxot,
500 747 528 793 c.
548 732 599 808 23,
619 749 647 793 v.
668 733 710 810 7),
733 733 811 795 sicut
831 733 921 796 etiam
944 751 1055 815 cogere

88 813 236 878 mulierem
255 815 295 879 ad
315 817 533 881 convivendum
548 837 619 882 cum
637 837 674 884 eo
697 839 789 903 quem
810 821 948 903 privatim
960 820 1056 901 juder

88 904 138 964 scit
158 922 216 967 non
236 924 303 970 esse
329 907 395 987 eius
416 908 589 991 conjugem.
614 907 715 972 Tertio
737 908 913 992 distinguit,
931 917 961 972 et
983 911 1057 973 dicit

87 1011 167 1073 posse
180 1000 209 1056 et
221 993 334 1058 debere
345 994 477 1076 judicem
491 998 689 1080 pronuntiare
699 999 785 1078 juxta
797 998 928 1081 ellepate
943 1007 973 1061 et
982 1020 1055 1082 pro·

88 1080 147 1144 leta
159 1081 189 1146 in
203 1084 303 1148 causis
321 1084 457 1148 civilibus
474 1086 630 1149 autetiam
644 1086 871 1166 criminalibus,
893 1087 924 1148 in
946 1087 1056 1170 quibus

88 1188 143 1233 non
156 1177 199 1235 est
212 1173 376 1256 infligenda
391 1193 482 1258 prena
495 1175 599 1238 mortis
612 1181 665 1239 sut
681 1175 887 1251 mutilationis,
900 1176 953 1238 sed
967 1195 1056 1240 secus

87 1278 144 1323 esse
157 1263 323 1326 tenendum
342 1263 374 1324 in
388 1264 486 1328 causis
499 1264 707 1328 criminalibus
722 1265 753 1326 in
768 1266 878 1348 quibus
899 1266 942 1328 rei
957 1268 1055 1349 poenis

87 1347 252 1429 hujusmodi
267 1357 369 1415 essent
383 1352 531 1434 plectendi
548 1373 556 1414 t
569 1355 644 1416 ratio
653 1354 763 1436 prioris
777 1355 870 1436 partis
882 1356 1054 1418 assertionis

88 1440 204 1520 estquis
217 1440 399 1523 Respublica
411 1447 531 1524 potest,
544 1451 665 1526 propter
680 1443 794 1506 bonum
809 1443 976 1527 publicum,
994 1445 1055 1506 dis-

88 1545 192 1608 ponere
204 1529 243 1592 de
261 1530 350 1592 bonis
368 1531 570 1612 privatorum,
592 1537 644 1594 aut
667 1531 724 1594 illis
745 1537 826 1594 certa
846 1549 937 1595 onera
956 1533 1054 1614 impo-

90 1633 176 1680 nere:
194 1619 288 1700 porrb
308 1619 422 1681 bonum
442 1619 599 1701 publicum
618 1620 749 1702 postulat
772 1627 805 1683 ut
832 1639 903 1683 eum
925 1621 1055 1704 praelatis

89 1703 198 1770 damnis
221 1708 419 1772 observentur
447 1709 603 1772 sententiae
614 1708 752 1787 judicum
773 1709 858 1788 juxta
880 1709 1005 1792 allegata
1027 1717 1057 1773 et

96 1794 203 1878 pubata
216 1795 341 1878 prolatae
357 1817 364 1857 ι
380 1815 470 1878 ergo,
487 1804 543 1859 ete.
566 1797 626 1860 Sed
646 1797 711 1860 baec
725 1799 801 1859 ratio
825 1816 886 1860 non
901 1798 978 1860 valet
1001 1817 1056 1879 pro

92 1887 170 1961 poent
182 1885 289 1948 mortis
307 1891 358 1948 aut
370 1885 583 1962 mutilationis,
599 1885 669 1967 quia
684 1886 862 1967 Respublica
877 1905 938 1948 non
960 1894 1057 1968 potest

92 1969 239 2054 disponere
254 1973 303 2036 'de
323 1973 382 2035 vita
399 1980 430 2036 et
449 1973 595 2036 membris
618 1973 808 2036 subditorum
828 1973 1054 2052 innocentium;

95 2059 163 2123 unde
174 2065 251 2126 ratio
266 2063 357 2126 etiam
370 2062 497 2126 babetur
511 2062 653 2126 secundae
667 2062 759 2144 partis
771 2063 955 2126 assertionis.

127 2153 208 2217 5570.
231 2153 312 2215 Cium
324 2153 395 2216 verb
414 2151 549 2215 Ecclesia
569 2169 727 2233 nunquam
746 2150 922 2232 pronuntiet
936 2169 1057 2232 poenam

92 2243 186 2304 mortis
205 2249 259 2306 aut
283 2241 497 2318 mutilationis,
514 2243 599 2322 iuxta
620 2241 698 2303 hano
721 2241 840 2303 tertiam
860 2242 1055 2321 sententiam,

87 2329 173 2410 iudex
185 2331 404 2395 ecclesiasticus
417 2331 539 2394 deberet
553 2348 672 2412 semper
686 2331 881 2413 pronuntiare
890 2331 973 2412 juxta
989 2331 1056 2394 alle-

90 2428 152 2501 gata
164 2429 193 2484 et
205 2421 332 2504 probata
348 2440 356 2482 ι
369 2421 564 2503 excipiendus
572 2427 674 2482 tamen
688 2420 804 2486 videtur
817 2439 905 2483 casus
919 2441 981 2503 quo
991 2439 1057 2485 mu-

90 2507 188 2574 lierem
205 2527 317 2592 cogere
334 2508 456 2571 deberet
475 2509 513 2572 ad
532 2507 752 2572 convivendum
773 2527 844 2571 oum
862 2528 900 2572 eo
922 2510 975 2590 qui
996 2529 1056 2573 non

90 2608 160 2662 esset
173 2601 241 2681 ejus
253 2598 308 2661 vir.
324 2599 377 2661 Est
386 2603 485 2661 autem
499 2605 581 2660 extra
590 2617 714 2660 omnem
728 2597 961 2660 controversiam
976 2599 1058 2679 quod

90 2687 117 2750 in
131 2689 256 2772 praelato
278 2706 350 2751 casu
361 2687 455 2768 judex
472 2693 610 2750 teneatur
628 2687 726 2750 lacere
745 2685 892 2768 quidquid
911 2693 1008 2768 potest
1020 2688 1058 2750 ad

90 2775 277 2842 liberandum
290 2793 362 2840 eum
376 2795 471 2860 quem
483 2777 594 2858 privata
608 2776 731 2840 scientis
745 2775 800 2839 scit
809 2793 874 2840 esse
888 2778 1056 2857 innoxium,

89 2874 117 2928 et
129 2867 152 2930 si
166 2867 198 2930 id
213 2883 276 2929 uon
289 2865 392 2947 possit,
408 2865 535 2944 debere,
547 2867 575 2928 si
587 2867 643 2948 ipsi
657 2866 762 2944 liceat,
776 2865 948 2949 relinquere
960 2867 1058 2950 Supe-

89 2955 156 3018 riori
171 2953 346 3036 bujusmodi
356 2955 515 3035 judicium.

128 3050 217 3110 sset.
241 3045 363 3116 Ouaerit.
386 3049 420 3108 4⁰
439 3047 485 3106 An
508 3049 612 3108 contra
630 3044 756 3124 allegata
775 3050 806 3106 et
825 3045 949 3127 probata
967 3044 1057 3124 juder

91 3135 181 3216 possit
203 3135 348 3198 damnare
366 3152 438 3198 eum
459 3151 550 3217 quem
569 3135 625 3196 scit
637 3133 749 3215 privata
763 3133 887 3196 scientie
901 3135 981 3196 certe
995 3151 1059 3195 esse

92 3225 199 3287 reum?
221 3257 259 3272 -
279 3223 488 3306 Respondetur
515 3223 668 3304 negative,
699 3223 770 3305 quia
788 3223 881 3303 iudex
906 3221 1060 3283 neminem

94 3319 188 3393 potest
199 3312 344 3376 damnare
358 3313 414 3378 nisi
426 3311 554 3394 juridice
569 3317 685 3374 constet
697 3311 783 3374 illum
801 3329 867 3374 esse
881 3327 979 3372 reum.
1000 3311 1061 3373 Nec

94 3403 235 3466 mentitur
243 3419 316 3465 eum
325 3401 506 3464 absolvendo
514 3401 585 3484 quia
593 3419 655 3462 non
663 3397 1060 3482 pronuntiatpraeoiseillum

94 3508 158 3553 asse
171 3491 363 3555 innocentem
373 3537 381 3569 ,
392 3489 444 3552 sed
453 3489 597 3554 duntaxat
610 3507 673 3552 non
685 3488 777 3551 luisse
786 3488 945 3568 probatum
956 3506 1062 3551 nocen-

94 3584 166 3642 tem.
176 3581 219 3643 lta
232 3579 415 3643 unanimiter
424 3597 473 3662 ap.
486 3579 592 3656 Bouix,
610 3579 653 3640 De
664 3575 791 3639 dediciis
801 3576 835 3656 (t.
847 3579 877 3655 l,
892 3595 923 3657 p.
940 3580 1019 3655 tlt).

134 3672 222 3732 5572.
246 3671 367 3744 Quaerit.
382 3671 415 3732 5⁰
430 3673 476 3730 An
491 3674 521 3731 et
533 3665 688 3748 quemodo
701 3665 818 3743 iudices
831 3665 968 3727 constitui
990 3681 1061 3730 nos-

97 3757 157 3818 sint
169 3777 222 3838 per
234 3757 477 3823 delecationem?
