2462 3984
427 309 512 356 arara
532 311 665 359 rannus.
981 299 1038 360 t3r
1118 379 1121 386 Ι

49 438 73 474 ·ι
96 402 764 493 canttrumoreiinlamiaestperviciniamz
780 417 1039 479 reservaturenim

59 528 72 562 a
97 503 184 566 alteri
200 501 279 586 parti
304 499 429 563 facultas
449 499 595 581 probandi
618 500 774 564 infamiam
790 501 869 566 hanc
884 521 950 567 esse
971 511 1039 566 tan-

58 615 71 651 ·
97 595 165 655 ttrm
187 590 271 674 apud
293 589 367 674 viles
389 594 442 651 aut
460 587 639 668 malevolos,
656 589 701 653 vet
722 590 760 652 ab
778 590 851 674 ipsis
870 599 971 656 ortum
989 593 1041 656 ha·

56 704 71 739 ι
96 681 215 744 buisse.
238 701 255 738 a

96 773 192 832 5868.
210 804 250 815 -
262 771 296 829 l·
308 771 348 834 Ut
357 765 450 850 judex
465 768 560 849 possit
579 765 743 849 procedere
763 768 802 830 ad
815 769 977 850 specialem
995 770 1040 832 ln·

56 858 273 942 quisitioncm‚
289 864 398 938 praeter
419 855 576 918 irrfamiam
600 856 764 938 praeviam,
779 857 943 936 requiritur
959 858 1040 921 insu-

56 967 112 1028 per
125 947 163 1023 (si
181 945 329 1009 delictum
343 947 381 1007 sit
394 943 506 1006 factum
520 961 703 1025 permanens
717 963 771 1006 seu
791 945 950 1026 vestigium
973 955 1040 1027 post

55 1055 87 1099 se
102 1035 300 1116 relinquens,
316 1041 349 1096 ut
362 1032 488 1096 cadaver
502 1033 534 1094 in
547 1031 799 1108 casu'homicidii)
815 1039 850 1096 ut
868 1040 936 1095 ante
951 1033 1040 1097 aliam

56 1121 307 1206 inquisitionem,
324 1141 379 1204 per
399 1140 432 1184 se
454 1127 506 1184 aut
526 1139 581 1203 per
603 1121 716 1200 aliurn,
734 1121 979 1184 informationem
993 1141 1039 1186 su·

56 1221 120 1274 mat
136 1211 178 1274 de
193 1229 321 1292 corpore
332 1209 456 1273 delicti:
476 1209 516 1271 ita
530 1227 637 1272 omnes
659 1229 696 1272 ex
712 1211 781 1290 jure
798 1228 927 1273 romano
944 1211 1037 1294 fleg„

57 1306 84 1374 l,
98 1299 135 1364 u.
146 1298 196 1362 'ud
206 1299 242 1362 S.
260 1297 296 1361 C.
311 1297 423 1382 Syll.);
437 1296 533 1361 etheo
543 1297 659 1360 etiamsi
670 1317 739 1361 reus
753 1297 867 1362 crimen
883 1301 900 1361 a
915 1319 946 1362 se
958 1318 1039 1362 com-

56 1391 191 1452 missum
206 1387 350 1464 affirmet,
371 1388 442 1470 quia
461 1391 583 1448 nonest
604 1386 635 1447 in
654 1385 775 1449 arbitrio
800 1388 980 1468 cujusquam
1000 1388 1038 1451 de

57 1479 118 1540 rita
132 1483 189 1538 aut
202 1475 347 1538 membris
358 1474 607 1556 sulsdisponere3
622 1475 726 1556 excipe
735 1476 759 1538 sl
774 1475 918 1538 delictum
935 1475 1038 1539 fuisset

57 1565 264 1638 occultatum,
278 1583 307 1626 v.
323 1583 352 1644 g.
369 1564 393 1624 si
407 1563 532 1626 cadaver
552 1562 582 1624 in
599 1562 713 1625 flumen
737 1566 903 1645 proiectum
917 1563 1037 1626 fuisset:

57 1663 138 1716 tunc
146 1671 204 1736 pro
216 1651 428 1714 informatione
442 1651 540 1714 delicti
553 1649 661 1714 suflicit
674 1651 819 1733 depositio
832 1653 966 1714 testium.

98 1745 197 1805 5865.
213 1740 245 1802 Si
258 1742 328 1802 rerd
342 1739 485 1803 delictum
499 1741 535 1802 sit
548 1739 660 1802 factum
676 1741 824 1802 transiens
844 1745 887 1818 (ut
906 1741 1037 1822 blasphe-

61 1831 123 1892 mia
135 1837 167 1892 et
181 1828 301 1908 similia)
314 1828 423 1891 sufficit
435 1827 545 1890 habere
555 1830 742 1907 conjecturas
754 1827 792 1892 de
812 1829 974 1891 commisso
988 1830 1034 1892 de·

61 1920 143 1982 licto.
161 1921 206 1980 lta
219 1917 431 1981 communiter.
448 1919 486 1978 Et
499 1916 523 1978 si
542 1915 634 1996 judex
655 1916 797 1997 procedat
815 1915 852 1978 ad
866 1917 1036 1982 instantiam

64 2009 212 2086 alieuius,
228 2012 351 2070 nonest
371 2023 493 2068 necesse
513 2005 596 2086 qudd
618 2003 789 2065 distinctam
813 2005 1036 2084 inquisitionem

66 2095 201 2157 instituat
222 2093 262 2156 de
282 2111 408 2176 corpore
431 2093 548 2170 delicti,
573 2099 603 2155 et
622 2099 726 2173 postea
745 2092 834 2154 etiam
854 2091 893 2154 de
906 2111 973 2169 reo;
985 2095 1036 2156 sed

62 2182 155 2246 debet
177 2183 218 2246 ita
243 2193 407 2263 legerere,
422 2187 511 2244 testes
525 2179 755 2261 interrogando,
771 2185 806 2242 ut
822 2179 906 2261 prius
923 2189 1038 2244 condet

59 2270 263 2334 commissum
292 2271 384 2334 fuism
405 2270 563 2347 delictum,
587 2271 681 2352 quam
707 2270 775 2352 quis
803 2269 971 2351 deliquerit.
990 2264 1037 2333 'lta

60 2358 410 2442 Schmalzgrueber,ap.
423 2359 518 2421 Bouix
536 2357 602 2436 (ἑὸ.,
617 2378 649 2440 p.
667 2361 720 2421 tot
738 2364 766 2420 et
783 2361 862 2436 toa).
1016 2435 1021 2441 Ι
1051 2381 1055 2388 ’
1134 2427 1140 2435 ,

101 2451 196 2512 5866.
205 2451 285 2510 -5·
299 2447 471 2510 Notandum
485 2445 638 2529 estquod,
654 2446 862 2508 nonobstante
875 2447 1038 2510 omissione

59 2537 192 2618 alicuius
206 2535 394 2599 formalitatis
407 2535 498 2598 etiam
516 2535 710 2611 necessariae,
725 2534 840 2596 validus
852 2535 907 2595 erit
921 2553 1039 2615 proces·

60 2645 134 2702 sus,
151 2627 178 2688 si
191 2643 264 2688 reus
278 2643 410 2708 praesens
425 2641 487 2686 non
500 2623 664 2700 reclamet,
680 2622 727 2684 vel
741 2623 765 2684 si
779 2621 893 2684 mimen
916 2621 945 2683 in
958 2623 1039 2701 judl-

61 2717 111 2778 cio
124 2716 163 2777 sit
175 2712 342 2777 confessus.
355 2711 388 2774 ld
403 2710 593 2774 concluditur
601 2730 638 2774 ex
654 2729 720 2793 cap.
733 2713 912 2792 Postquaml
928 2711 992 2788 ,tit
1003 2717 1036 2790 l,

62 2805 117 2866 tib.
132 2806 165 2880 5,
180 2803 213 2864 in
226 2806 272 2879 6⁰,
283 2799 514 2864 ubiBonifaeius
524 2803 589 2862 Vlll
603 2801 643 2862 ait
659 2819 667 2860 :
687 2801 876 2881 «Postquam
890 2818 992 2862 coram
1002 2820 1037 2864 eo

63 2916 77 2952 a
104 2892 157 2973 qui
172 2897 278 2954 contra
285 2896 314 2952 te
328 2907 418 2972 super
430 2888 704 2952 certiscriminibus
712 2888 871 2972 inquisitor
879 2887 977 2952 fuerat
990 2891 1039 2952 de·

63 3003 78 3039 a
104 2985 245 3062 putatus,
261 2977 369 3040 eadem
382 2978 511 3040 crimina
526 2977 606 3040 fuisti
622 2975 786 3054 confessus,
801 2976 911 3040 frustra
924 2978 1038 3040 confes-

65 3091 80 3126 υ
106 3068 224 3130 sionem
236 3073 359 3128 tuam...
381 3083 419 3128 eo
439 3073 582 3146 praetextu
597 3066 774 3147 impugnare
787 3065 943 3127 contendis
957 3066 1037 3145 qudd

66 3177 81 3214 a
107 3174 197 3238 super
208 3153 325 3218 eisdem
339 3153 516 3216 criminibus
530 3172 591 3215 non
607 3155 703 3216 fueras
717 3161 804 3217 antea
817 3153 1013 3215 diffamatus»
1028 3172 1036 3227 ;

64 3251 96 3307 et
110 3261 148 3307 ex
161 3261 229 3326 cap.
255 3240 295 3304 Si
317 3242 343 3303 is
360 3239 409 3302 cui
419 3285 428 3320 ,
449 3240 545 3320 ejusd.
562 3241 656 3319 tituli,
675 3242 728 3304 ubi
745 3243 827 3304 idem
840 3239 975 3303 Pontifex
997 3239 1038 3304 sio

64 3333 193 3396 statuit:
213 3331 271 3394 «Si
285 3331 312 3392 is
322 3330 371 3393 cui
386 3335 491 3392 contra
504 3334 533 3391 te
540 3330 700 3394 commissa
706 3331 796 3394 fuerit
803 3329 979 3410 simpliciter
989 3329 1038 3388 in·

65 3447 81 3482 a
106 3420 230 3504 quisitio
244 3437 335 3500 super
350 3419 439 3482 certis
452 3417 630 3481 criminibus
642 3419 793 3492 lenienda,
808 3415 996 3498 processerit,
1011 3423 1039 3480 te

67 3531 82 3570 a
109 3513 258 3592 praesente
288 3525 345 3568 nec
367 3505 571 3584 reclamante,
597 3525 653 3569 neo
677 3507 843 3588 quidquam
866 3523 956 3585 super
984 3503 1039 3568 hoe

67 3621 83 3657 a
108 3595 279 3676 excipiente
301 3592 443 3670 (infamiae
457 3593 650 3675 inquisitione
673 3593 810 3672 omissi),
833 3592 870 3655 ad
884 3595 1037 3654 veritatem

70 3706 84 3742 a
109 3681 291 3748 corumdem
309 3681 475 3744 eriminum
496 3681 728 3756 inquirendam,
748 3697 922 3760 processum
939 3678 1040 3756 traque

904 3772 924 3800 n

872 3773 902 3838 δ’
