2466 4258
219 189 276 254 738
431 203 571 252 nanuum
591 201 694 250 rorms
714 201 797 250 annu
817 201 988 254 cruenter.

216 325 338 406 gotium
352 325 404 390 vel
419 322 460 386 ad
482 328 583 386 artem
599 321 738 402 aliquam
757 325 999 400 exercendam,
1035 345 1078 388 an
1107 328 1199 408 petis<

217 422 251 478 ut
263 414 435 496 conjugem
459 413 706 492 derelinqueret.
725 413 799 474 Haec
829 417 994 492 cognosci
1019 417 1077 479 vel
1102 418 1199 480 deduc}

216 511 366 584 poterunt
380 522 420 566 ex
434 503 606 579 benevolis,
622 507 680 564 aut
690 502 862 566 contrariis
876 505 1122 586 relationibus,
1137 529 1201 588 quse

216 595 401 675 veliliequi
426 592 583 674 discessit,
607 593 809 656 continuarit
839 611 916 656 cum
939 595 1053 658 altero
1080 600 1200 677 conjug

216 686 283 748 sive
297 704 354 766 per
366 685 490 746 litteras
504 683 568 746 sive
580 701 638 764 per
659 683 796 746 nuncios
813 701 821 759 ;
837 683 866 744 si
892 685 988 747 enim
1016 687 1200 750 constiterit.

210 771 1014 854 'adtempustalemepistolarumsirerelationnm
1043 791 1202 840 consuet:-

217 863 325 927 dinem
344 861 497 938 adfuisse,
519 865 551 923 et
576 865 689 940 postea
710 877 865 936 cessasse,
894 863 985 944 'quin
1018 867 1199 928 cessationi:

215 957 381 1018 causaaut
396 952 474 1013 ratio
488 955 656 1030 appareat,
672 950 780 1028 gravis
802 949 842 1012 de
867 959 980 1016 morte
1011 955 1110 1018 obita
1135 977 1198 1036 prr—:2

215 1043 354 1120 sumptio
364 1041 561 1116 habebitur;
584 1041 612 1102 si
637 1057 654 1102 e
685 1045 797 1104 contre
823 1043 1016 1105 constiterit
1042 1065 1133 1115 eum.
1157 1067 1197 1125 qs:

216 1131 374 1206 discessit,
389 1147 555 1210 nunquam
571 1127 777 1209 epistolarum
790 1132 1026 1195 commercium
1056 1135 1184 1198 habui.=

215 1241 286 1286 cum
299 1219 500 1294 suefamilia,
517 1223 574 1280 aut
598 1237 671 1282 cum
686 1219 877 1300 propinquis
894 1225 925 1281 et
953 1223 1091 1302 amicis
1125 1229 1196 1288 inii·

214 1313 299 1374 cium
314 1328 400 1372 mere
415 1309 599 1388 negativum
615 1307 737 1370 nullam
747 1309 977 1388 probationem
993 1313 1110 1378 facere
1123 1324 1195 1395 pute

215 1404 266 1464 rit.
279 1399 527 1464 Ponderandum
543 1417 669 1478 quoque
681 1399 740 1460 erit
751 1416 851 1478 genus
865 1397 956 1476 vitae,
982 1403 1079 1482 qnod
1103 1406 1194 1467 disce

217 1492 296 1554 dens
319 1489 353 1550 in
367 1487 472 1550 aliena
493 1487 625 1566 regione
640 1487 807 1568 amplexus
828 1487 950 1564 fuerit;
984 1492 1015 1553 si
1045 1493 1143 1556 vitam
1169 1507 1190 1556 et

214 1585 316 1644 artem
329 1576 500 1640 militarem
511 1577 724 1640 exercendam
737 1575 880 1656 elegerit,
897 1578 951 1640 rel
976 1581 1046 1643 arti
1074 1586 1191 1646 nantis

212 1675 269 1734 aut
288 1665 419 1730 servitio
433 1665 569 1746 alicujus
582 1666 754 1732 nevissese
770 1667 944 1743 addixerit,
977 1677 1012 1731 et
1030 1690 1188 1753 eognosce-

214 1767 277 1833 tur,
294 1757 327 1822 in
342 1775 406 1837 quo
422 1757 567 1820 exercitu
582 1757 778 1831 militaverit,
792 1761 847 1818 aut
862 1757 895 1818 in
907 1775 976 1836 qua
993 1762 1075 1824 navi
1089 1764 1182 1824 serris

212 1849 267 1929 rit,
283 1846 506 1928 inquisitiones
522 1853 617 1910 erunt
632 1847 787 1910 faciende
798 1863 897 1926 penes
915 1847 1023 1912 duces
1044 1853 1171 1916 exerere.-

212 1940 357 2017 iflius,-et
385 1954 484 2017 penes
499 1937 730 2016 gubernatores
756 1936 806 1999 vei
838 1935 1001 2000 officiales
1031 1943 1123 2004 navt„
1147 1939 1174 1998 st

213 2029 344 2109 cognita
353 2027 472 2090 fuerint
483 2027 565 2103 loca,
579 2026 610 2089 in
626 2027 744 2108 quibus
764 2032 983 2090 commoratus
997 2037 1063 2106 est,
1088 2033 1117 2094 in
1133 2031 1180 2092 s'n·

212 2120 296 2201 gulis
309 2117 398 2192 locis,
410 2121 443 2180 et
456 2117 634 2197 prasertim
651 2118 683 2180 in
698 2117 764 2192 ilio,
786 2117 818 2179 in
831 2135 894 2195 quo
917 2123 1182 2185 commorabatur.

211 2207 339 2292 quando
367 2208 435 2287 eius
461 2207 579 2270 indicia
607 2208 733 2290 perdita
768 2205 896 2282 fuerint,
932 2205 1184 2290 investigatione
1219 2195 1220 2288 i

211 2305 306 2366 erunt
320 2297 484 2360 faciendae.
503 2299 548 2359 Ad
561 2299 620 2360 has
636 2297 779 2360 tribunal
796 2295 969 2360 adhibebit
984 2299 1119 2363 idoneae
1130 2321 1185 2382 per-

212 2407 321 2465 ennes,
339 2388 366 2450 si
380 2393 499 2466 presto
514 2386 586 2462 sint,
609 2385 771 2452 ueletiam
787 2382 893 2448 civiles
918 2389 1141 2470 auctoritates,
1156 2393 1178 2451 st

211 2480 323 2542 iisdem
339 2477 531 2557 postulando
547 2482 592 2554 ut,
607 2477 723 2557 quibus
742 2473 865 2556 pollent
879 2475 997 2551 modis,
1014 2477 1058 2542 de
1077 2479 1129 2542 iiio
1143 2501 1184 2559 ep·

210 2575 366 2650 portunus
380 2566 639 2646 investigationes
656 2567 784 2639 faciant,
808 2569 903 2642 atque
918 2565 1019 2628 etiam
1045 2567 1079 2630 in
1099 2573 1182 2632 subn.

211 2661 299 2723 dium
314 2662 471 2720 vocentur
483 2657 609 2738 publica
628 2655 733 2720 diaria
747 2669 820 2718 cum
833 2651 1032 2718 indicatione
1048 2661 1178 2722 nomine.

211 2747 422 2828 cognominis,
433 2747 556 2825 patriae,
567 2745 787 2825 professionis,
798 2749 829 2805 et
838 2743 1039 2807 conditionis
1054 2747 1179 2818 illimus

211 2855 276 2918 quo
291 2833 454 2915 quaeritur.
478 2837 556 2898 item
570 2835 597 2898 si
617 2835 686 2898 fleri
701 2833 813 2915 possit,
830 2832 977 2894 tribunal
1007 2837 1135 2906 curabit,
1151 2845 1175 2894 ut

208 2930 242 2991 in
258 2924 396 2999 iocis,in
424 2923 540 3002 quibus
570 2925 655 2989 idem
685 2927 902 2988 commoratus
928 2923 1044 3001 fuerit,
1070 2927 1166 3004 pubfira

210 3017 315 3082 edicte
329 3011 514 3090 affigantur,
536 3021 566 3076 et
587 3013 705 3094 singuli
727 3012 918 3086 excitentur,
934 3017 972 3072 ut
999 3013 1128 3082 notitias,
1145 3011 1170 3070 si

210 3124 294 3187 quas
308 3102 438 3178 habeut,
455 3102 554 3166 velint
568 3103 787 3185 suppeditare.
804 3100 835 3163 Si
851 3101 1004 3164 omnibus
1016 3101 1089 3166 istis
1102 3103 1175 3181 adiu-

210 3192 326 3260 mentis
353 3191 506 3255 adhibitis
535 3193 762 3257 nihilomnino
777 3189 895 3270 poterit
924 3191 1075 3270 reperiri,
1108 3191 1175 3255 etsi

210 3301 322 3348 omues
336 3279 582 3346 circumstantiae
599 3283 640 3346 ad
654 3290 789 3344 mortem
809 3277 926 3359 prioris
942 3281 1091 3360 conjugis
1116 3291 1175 3343 antu

210 3373 369 3440 secundas
384 3373 514 3452 nuptias
529 3373 568 3436 de
585 3390 721 3456 quarum
742 3370 850 3434 valore
877 3369 998 3448 egitur,
1021 3373 1174 3434 adstruen-

210 3466 284 3531 dum
300 3462 568 3541 conspiraverint,
581 3463 682 3542 judex
697 3458 890 3524 sententiam
902 3459 1061 3539 'proferre
1080 3469 1173 3522 contra
1219 3481 1220 3500 ¹

211 3553 387 3618 seeundum
403 3551 642 3614 matrimonium
657 3569 722 3614 non
741 3547 878 3631 poterit;
904 3566 970 3612 non
990 3547 1077 3612 enim
1092 3567 1172 3612 cous·
