2462 3984
378 249 465 298 uesn
484 247 615 297 merrus.
927 233 984 298 lli

65 351 222 413 sset-lt.
239 349 579 423 &Libello—Queri.
597 348 713 424 romu
726 354 756 415 el
768 351 933 435 quotuplex
946 353 982 418 sil

34 435 159 500 litettust
172 440 206 500 Et
220 457 259 501 en
274 439 310 500 sit
323 438 535 501 necessarius?

66 529 215 608 desp-l·
225 526 355 590 uitellos
361 526 521 608 judicialis
535 535 581 592 est
593 529 691 594 brevis
703 535 733 592 et
744 528 824 593 olore
837 530 982 614 scripturo

31 617 171 680 continens
192 635 256 680 rem
280 635 347 700 quse
367 617 399 678 in
419 616 533 699 judicio
551 619 679 700 petitur,
700 637 822 682 causam
840 620 981 702 petendi,

32 721 127 766 nomen
150 706 275 783 actoris,
296 704 379 788 quod
401 712 447 768 est
469 706 500 768 in
522 707 604 771 calce
624 706 716 770 libelli
738 708 981 788 inscribendum,

32 809 126 856 nomen
136 795 244 877 judicis
258 795 339 877 quod
352 793 483 860 exterius
501 795 601 860 libello
619 795 808 875 inscribitur,
822 803 853 860 et
870 817 981 864 nomen

31 881 64 941 rei
77 884 121 962 qui
134 885 318 946 convenitur.
334 883 462 965 (lionis,
477 883 532 964 it,
543 903 574 966 p.
591 887 673 964 ltu.)

62 974 212 1036 soce-2⁰
224 973 353 1036 Libellus
361 981 406 1036 est
416 973 462 1035 vel
477 974 605 1056 simplex
617 993 666 1036 seu
674 974 860 1054 summarius,
876 976 906 1040 in
922 997 983 1060 quo

31 1063 185 1124 summatim
217 1069 248 1126 et
273 1063 418 1124 continuo
445 1062 588 1125 orationis
615 1063 692 1126 serie
722 1067 832 1128 actoris
859 1067 983 1130 intentio

28 1150 185 1229 exponitur;
199 1151 249 1214 rel
268 1149 446 1212 articulatus
459 1169 513 1214 seu
525 1151 738 1234 positiocorius
752 1151 783 1214 in
797 1173 859 1235 quo
877 1157 982 1219 merite

31 1253 110 1301 cause
128 1259 179 1322 per
197 1239 341 1303 articulos
361 1247 582 1322 proponuntur.
604 1242 717 1303 lterum
735 1240 854 1306 libellus
873 1252 918 1306 est
938 1245 982 1307 rel

30 1326 105 1387 sititis
113 1331 161 1410 qui
176 1349 232 1412 pro
245 1330 365 1409 objecto
374 1329 464 1391 hebet
474 1347 597 1392 causam
610 1329 727 1393 civilem
741 1331 805 1408 ,vel
817 1333 982 1396 cm'mr'nolis

30 1415 70 1493 qui
83 1436 132 1498 pro
143 1419 261 1500 objecto
273 1417 363 1481 hebet
371 1435 495 1481 cousem
504 1417 708 1496 criminalem,
720 1426 749 1482 et
757 1427 880 1484 vocetur
893 1423 981 1486 etiam

30 1507 244 1582 querimonialis.
264 1507 545 1589 (Sohmclzgrueber
559 1525 607 1590 ap.
625 1507 732 1586 Bouix,
749 1507 802 1582 ib.)

61 1597 371 1678 stlte-umentem
382 1596 544 1670 ordinario,
559 1599 621 1658 idm
630 1597 778 1660 criminali
787 1600 879 1680 quim
892 1600 981 1681 civili,

32 1681 60 1741 rd
72 1689 215 1763 processus
235 1687 371 1750 valorem
386 1685 504 1749 libellus
517 1691 562 1748 est
580 1686 706 1748 omnino
729 1691 925 1752 necessarius.
942 1693 983 1753 lte

33 1774 189 1839 unanimiter
202 1776 391 1852 cononistae,
407 1781 438 1838 et
457 1780 575 1837 constet
594 1793 631 1837 ex
646 1793 713 1858 cap.
730 1779 759 1854 l,
781 1779 826 1838 tit.
847 1783 877 1853 3,
897 1778 983 1842 lini

34 1859 128 1926 lleeret.
142 1900 180 1912 -
192 1868 226 1928 ln
244 1865 363 1949 judicio
376 1865 447 1926 vero
460 1863 696 1928 extraordinario
708 1913 716 1942 ,
732 1866 854 1946 quando
874 1885 984 1950 nempe

35 1945 106 2026 iudex
117 1955 246 2034 procedit
261 1973 298 2017 ex
312 1953 450 2030 notorio,
464 1953 511 2016 rel
525 1954 702 2032 summarie,
716 1953 762 2016 vel
774 1972 810 2015 ex
826 1953 985 2020 informato

35 2041 206 2124 conscientie,
230 2043 352 2106 libellus
375 2047 502 2106 nonest
525 2041 732 2120 necessarius,
753 2047 787 2104 ul
808 2050 925 2107 constat
947 2062 986 2108 ex

36 2125 153 2194 utonem.
166 2133 257 2216 Saepe
270 2138 301 2212 2,
317 2131 351 2194 de
364 2131 443 2194 verb.
459 2131 564 2213 sionis.

64 2221 139 2284 5884.
156 2224 283 2296 Quaerit.
299 2225 331 2284 2⁰
346 2221 447 2294 Qualis
459 2239 526 2284 esse
539 2219 646 2283 debeat
660 2219 800 2284 libellus?

64 2308 139 2390 Resp.
154 2313 188 2374 ln
200 2331 238 2375 eo
254 2311 382 2392 exprimi
397 2308 506 2372 debere
518 2312 547 2372 1⁰
560 2327 672 2372 nomen
684 2310 794 2392 iudicis
807 2329 910 2375 eorem
923 2333 985 2396 quo

33 2397 127 2475 agenda
139 2408 183 2464 est
203 2419 300 2466 causa
314 2419 322 2461 t
338 2397 448 2462 sufficit
469 2405 571 2462 tomen
591 2398 817 2481 utdosignetur
836 2401 875 2462 eb
888 2401 985 2466 cilicio

32 2491 54 2544 et
65 2485 121 2550 loco
130 2489 367 2568 iurisdictionis3
383 2490 415 2550 2⁰
429 2507 541 2550 nomen
561 2488 718 2570 proprium
739 2490 868 2565 actoris;
883 2495 915 2552 3ο
930 2511 984 2554 no-

33 2589 87 2636 men
104 2579 161 2656 rei;
182 2585 216 2642 l·
237 2579 353 2642 factum
374 2595 447 2640 oum
462 2577 638 2652 necessariis
655 2575 903 2654 circumstantiis3
919 2587 949 2641 et
962 2581 987 2642 si

33 2677 105 2727 muso
122 2667 158 2729 sit
176 2669 274 2732 civilis
293 2665 388 2750 quid,
407 2666 496 2747 quale
509 2672 539 2728 et
552 2671 701 2747 quantum
719 2663 874 2746 debeatur,
896 2670 987 2731 eliam

33 2759 100 2830 prrie
113 2775 170 2820 oon
185 2757 383 2832 reclamante,
394 2773 432 2818 ex
441 2755 513 2836 Leg.
524 2753 703 2817 Libellorum
718 2756 749 2833 3,
760 2754 791 2817 ff.
804 2755 838 2818 de
847 2768 985 2837 occroot.;

33 2849 56 2900 et
70 2848 216 2910 communi
239 2847 302 2908 llll.
325 2863 434 2921 sensu3
456 2848 488 2906 5⁰
512 2845 636 2925 insuper
656 2843 713 2906 sub
733 2848 822 2926 poeni
844 2847 987 2912 nullitetis

34 2927 215 3012 delictilocus,
227 2952 339 3006 annus,
354 2932 485 2996 mensis:
501 2931 676 2996 diesoutem
686 2934 839 2996 commissi
852 2937 987 3001 oriminis

36 3021 109 3084 tuliis
121 3026 270 3088 omittitur
289 3023 329 3087 ob
350 3021 555 3084 difficultatem
575 3021 741 3103 probandi,
757 3023 813 3084 nisi
832 3033 990 3088 accusatus

35 3115 202 3188 pote136⁰in
221 3113 323 3177 libello
344 3111 423 3174 civili
444 3109 554 3192 opponi
570 3110 659 3172 debet
672 3111 827 3176 conclusio
845 3113 987 3194 seuquid

34 3195 165 3265 electore
184 3205 344 3286 peteturei
356 3217 446 3264 causo
460 3199 799 3281 petitionis3plusonim
813 3201 907 3283 judex
924 3219 985 3263 non

34 3288 906 3372 potestdeeernereinoctorisgreliomquimipsepetiit,nec
917 3307 986 3352 reus

31 3375 95 3439 ,scire
104 3387 199 3460 posset
207 3399 246 3444 en
259 3380 316 3462 ipsi
327 3378 462 3461 expediet
475 3377 594 3454 cedere,
609 3395 648 3439 an
656 3380 726 3440 vero
734 3379 849 3459 litigare
856 3379 880 3439 si
895 3397 984 3442 causo

34 3465 166 3542 petitionis
180 3487 242 3532 non
261 3475 473 3550 exponeretur.
486 3469 521 3528 ln
536 3465 635 3528 libello
651 3467 816 3544 criminali,
830 3466 985 3531 conclusio

31 3560 84 3644 pon
101 3563 143 3620 est
163 3558 330 3622 necessaria
349 3557 420 3641 quie
434 3556 482 3619 lex
502 3554 655 3618 concludit
675 3559 706 3617 et
725 3573 846 3635 poenem
868 3554 984 3620 delictis

37 3649 130 3706 certam
142 3645 517 3728 imponittutiliteraulem
528 3649 625 3725 potest
635 3647 717 3704 ector
726 3660 788 3704 suae
797 3644 983 3708 conclusioni
