2572 4006
205 221 250 274 58¹
413 221 475 279 ttae
918 217 982 274 REG

206 333 331 398 regulares
340 333 387 385 loci
400 333 576 385 sintaudiondi
587 332 686 401 quando
710 329 1187 396 etc.liehabilitateregulariumadmu·
1255 397 1256 404 ἵ

207 426 283 460 nonus
305 419 440 462 conuentus
464 419 501 464 est
526 413 660 478 erigendus
679 449 686 473 ,
712 411 750 462 nia
763 411 944 473 ecelesiastica,
957 411 1031 462 2869.
1043 413 1081 461 ha
1093 409 1189 474 regula·
1255 407 1256 464 l

205 487 354 541 aste-2553.
375 491 409 541 lle
425 491 580 556 regularibus
599 491 622 540 ri
635 491 687 544 dis·
712 509 751 544 res
762 495 859 546 valeant
877 492 1018 560 promoveri
1034 493 1066 543 ad
1078 491 1187 544 ecelesias
1255 495 1256 538 ἴ

206 571 298 637 persis,
312 571 382 622 2567.
397 571 431 624 lle
443 571 541 624 illorum
554 571 688 639 obligatio·
712 573 865 640 parochiales
878 579 902 624 et
917 573 965 626 alia
978 570 1098 626 beneficia
1110 570 1186 622 ecele-
1255 589 1256 602 ¹

207 652 280 702 nibus
299 653 404 704 durante
424 654 591 720 dispersione,
612 659 637 706 et
657 669 689 704 an
712 655 810 706 siastica
831 653 973 714 saecularia,
986 653 1184 716 astoensem-

206 736 269 785 rotis
303 735 354 785 suis
383 735 494 788 obstricti
525 743 687 799 remaneant,
712 736 757 787 lari
770 735 897 788 nominato
910 733 1003 786 sicario
1016 739 1100 786 curata
1111 731 1186 784 socius

206 813 276 864 2568.
305 815 365 866 Vota
394 823 523 868 remanent
549 815 688 879 solemnia,
713 818 814 884 adjungi
836 817 946 878 debeat,
969 816 1044 868 teat.
1068 813 1189 876 Quomodo

207 893 276 946 2509.
289 897 326 946 lin
334 913 375 962 per
384 897 519 964 Episcopos
527 898 621 964 possint
631 904 690 949 tunc
713 907 772 950 tunc
784 897 904 962 regularis
924 903 1041 948 teneatur
1052 911 1097 948 suo
1115 893 1192 960 Supe-
1255 885 1256 890 ’

207 963 280 1050 {nm
293 978 306 1028 a
319 978 370 1028 snas
389 977 598 1044 obligationibus,
617 979 687 1030 seno.
714 979 771 1032 nan
784 969 900 1042 assatae,
913 977 1061 1030 aereaere.
1074 977 1194 1044 anpara-

209 1059 344 1110 Remanent
357 1059 459 1110 dominii
471 1060 687 1127 incapacesib'll.
714 1062 775 1113 chiae
802 1061 932 1114 saeculares
961 1058 1121 1112 monasteriis
1148 1071 1194 1110 aon

209 1145 321 1192 Attamen
346 1147 415 1192 aetus
437 1142 588 1194 necessarios
609 1143 690 1194 lacere
714 1142 788 1194 unite
800 1143 920 1194 committi
929 1141 1025 1208 possint
1033 1139 1195 1208 regularibus,

209 1229 327 1286 possunt,
341 1223 411 1272 2572.
427 1221 489 1281 Quid
504 1222 561 1274 inde
573 1229 691 1289 sequatur
713 1224 783 1274 salt.
798 1223 861 1283 Quid
870 1223 901 1274 de
909 1220 1194 1280 praemonstratensibus,

209 1317 252 1368 pro
266 1303 413 1368 religiosisai
438 1303 562 1355 Gubernio
575 1304 600 1353 in
613 1303 690 1356 Gallia
714 1303 783 1354 2875.
803 1305 840 1354 An
866 1301 989 1368 parochiae
1010 1301 1108 1369 possint
1127 1313 1196 1351 eom·

196 1385 359 1456 suppressis,
376 1385 446 1436 esta.
469 1387 505 1436 dn
525 1385 600 1452 objici
613 1385 692 1451 pessit
717 1384 779 1434 mitti
806 1383 962 1450 regularibus
993 1390 1051 1436 rota
1080 1381 1196 1448 simplicia

210 1465 249 1516 len
262 1466 293 1517 de
305 1473 384 1517 morte
395 1465 475 1528 cirili,
488 1467 558 1516 salt.
572 1465 692 1532 Religiosi
716 1466 903 1528 emittentibus,
914 1465 987 1516 ibib.
1002 1463 1106 1518 Cuinam
1117 1460 1197 1527 ecqui·

211 1545 314 1610 dispersi
343 1551 471 1596 remanent
500 1545 552 1597 suis
583 1545 693 1598 Praelatis
717 1547 887 1614 ratregularis
906 1546 1198 1598 adbeueliciumsmou·

211 1625 330 1690 subjecti,
349 1626 420 1676 2575.
441 1626 494 1676 Non
514 1626 630 1678 amittunt
648 1643 692 1679 sua
717 1631 768 1682 lare
779 1635 924 1696 promotus,
936 1627 1009 1680 sata.
1024 1629 1062 1679 ho
1075 1625 1196 1692 regulares

209 1707 264 1773 jura
278 1713 303 1759 et
313 1705 457 1773 privilegia,
472 1707 543 1760 2576.
558 1709 692 1778 Quousque
717 1711 775 1778 eligi
786 1711 883 1762 valeant
899 1709 923 1760 in
937 1710 1119 1762 examinatores
1129 1721 1198 1772 syno-

211 1790 309 1841 illarum
321 1791 375 1855 jora
388 1798 561 1856 permaneant,
572 1789 643 1842 asta.
656 1791 693 1842 hn
718 1793 801 1852 dales,
814 1793 838 1842 in
859 1791 1067 1853 conservatores,
1086 1789 1112 1840 in
1129 1788 1196 1838 llica·
1255 1841 1256 1844 ,

211 1869 258 1922 hoo
271 1869 302 1920 sit
315 1869 502 1937 intelligendum
516 1872 588 1923 etiarn
601 1871 632 1923 de
645 1872 693 1922 do·
718 1874 767 1925 rios
788 1871 918 1924 Generales
939 1877 964 1922 et
983 1871 1151 1938 Capitulum,
1173 1867 1196 1917 in
1255 1883 1256 1924 l

212 1951 586 2018 mibusinpartioulari,2578.
605 1951 693 2001 llere-
717 1954 874 2019 coadjutores
902 1951 1094 2018 parochorum,
1122 1949 1196 2002 9818-
1255 1981 1256 2014 ,

211 2033 339 2099 gularibus
353 2031 469 2098 dispersis
481 2033 512 2082 ad
524 2029 625 2096 pristina
639 2030 692 2080 loca
716 2035 787 2086 sest.
806 2035 842 2084 dn
860 2033 956 2102 possint
972 2033 1044 2085 erehi
1061 2033 1093 2084 ad
1109 2030 1195 2098 gradus
1255 2015 1256 2088 l

212 2112 390 2172 redeuntibus,
410 2111 481 2163 sate.
510 2113 546 2162 dn
574 2109 693 2162 reassumi
717 2109 1196 2179 academicos,2882.Anoligippsslnt
1255 2109 1256 2120 ³

212 2197 307 2264 possint
326 2201 462 2248 conventus
479 2192 533 2245 sine
551 2191 649 2245 lieentia
666 2193 693 2246 S.
717 2196 743 2246 in
763 2194 919 2260 Episcopus,
944 2193 1086 2246 cardinales
1110 2197 1135 2244 et
1153 2189 1193 2241 SS.

213 2279 283 2330 Sedis
296 2283 339 2328 aut
351 2275 486 2336 Ordinarii,
500 2273 572 2326 ο2580.
583 2275 619 2324 dn
636 2290 693 2326 noar
718 2277 859 2339 Pontifices,
872 2275 943 2328 2881„
953 2276 990 2326 An
1002 2274 1132 2342 indigeant
1140 2277 1196 2323 tuns

213 2364 349 2410 conventas
388 2357 483 2424 possint
516 2356 609 2424 acquiri
641 2357 695 2408 sine
718 2358 817 2410 licentii
829 2355 968 2424 Superioris
979 2352 1194 2422 regutans‚2885.

212 2439 345 2490 amissione
387 2437 571 2504 privilegiorum
608 2435 694 2503 priscis
717 2437 754 2486 lln
766 2437 887 2502 regularis
904 2436 997 2488 electus
1011 2435 1036 2484 in
1053 2434 1195 2500 Episcopum

214 2521 369 2572 monasteriis
398 2521 457 2572 olim
493 2535 693 2582 concessorum,
719 2525 761 2570 aut
779 2517 932 2570 Cardinalem
951 2517 1049 2568 desinat
1067 2530 1122 2568 esse
1139 2511 1197 2564 reli·

213 2601 282 2652 258l.
297 2599 361 2660 Quid
374 2600 404 2651 de
416 2615 475 2651 casu
487 2615 536 2666 quo
555 2605 625 2650 relus
637 2615 694 2650 mo·
718 2596 817 2662 glossas,
833 2595 904 2648 2886.
918 2597 953 2645 ho
967 2595 1003 2646 sio
1020 2600 1147 2661 promotus
1159 2598 1196 2640 te·

215 2678 349 2728 nasterium
362 2677 408 2728 luit
427 2679 573 2728 auctoritate
584 2677 610 2728 S.
624 2678 695 2728 Sedis
719 2684 806 2728 neatur
818 2675 880 2727 ferre
893 2673 1004 2725 habitum
1018 2673 1193 2729 monachalem,

215 2760 357 2820 alienatum,
367 2761 436 2812 2582.
446 2759 543 2820 Quidl).
555 2760 695 2826 Bouixopi-
718 2758 788 2810 2888.
802 2759 839 2808 ha
858 2763 918 2808 tuno
934 2763 1064 2823 recuperet
1073 2757 1114 2824 jus
1131 2752 1195 2804 aecl-
1255 2785 1256 2850 p

217 2847 288 2892 netur
301 2840 331 2892 de
343 2840 465 2891 veteribus
478 2840 599 2905 religiosis
613 2840 696 2892 Galliae
721 2839 802 2906 piendi
814 2838 986 2898 hereditates,
1000 2839 1070 2890 2889.
1084 2840 1121 2888 dn
1132 2833 1195 2900 epis·
1255 2851 1256 2898 i

215 2921 698 2975 redeuntibusadlocumubiexsliterunt
721 2920 776 2988 copi
804 2920 929 2986 regulares
960 2917 1134 2972 dimissionnrii
1155 2915 1193 2962 sut

216 3009 272 3056 ante
285 3001 495 3072 perturbationem
508 3019 563 3070 quse
574 3003 639 3069 apud
651 3018 697 3054 nos
721 3003 826 3069 depositi
839 3008 969 3054 teneantur
985 3002 1016 3052 ad
1035 3003 1138 3053 claustra
1155 3008 1191 3044 re·

215 3087 327 3152 contigit,
340 3085 486 3138 asae-eset.
496 3083 560 3146 Quid
570 3084 696 3136 deeodem
721 3083 787 3144 dire,
798 3081 948 3134 tumaces.
967 3079 1072 3142 Quinam
1088 3073 1193 3132 errarunt

216 3169 347 3236 opinentur
370 3169 490 3223 Analecta
506 3167 572 3232 iuris
594 3168 697 3232 pontifi·
721 3162 784 3214 circa
795 3162 836 3229 jus
849 3162 998 3230 regularium
1015 3157 1143 3215 exercendi
1152 3167 1190 3205 sa·
1255 3187 1256 3206 r

215 3252 252 3310 eii,
262 3251 333 3301 2585.
343 3251 472 3304 Decretum
481 3247 579 3300 Cardia.
593 3247 697 3314 Capram
721 3259 789 3294 erum
809 3243 987 3305 ministerium,
1001 3243 1070 3294 2892.
1086 3235 1193 3293 Coaluta
1255 3207 1256 3276 l

219 3333 249 3383 de
268 3331 392 3383 ueteribus
412 3330 551 3396 religiosis,
572 3329 643 3380 258d,
663 3329 698 3379 lie
721 3327 755 3379 tio
768 3327 857 3378 erroris
874 3326 940 3393 quid
954 3324 1080 3391 regulares
1091 3317 1192 3373 nonde·

218 3413 281 3466 civili
294 3413 436 3464 conditione
446 3411 596 3479 regularium
608 3411 633 3461 iu
644 3411 698 3462 Gal·
722 3407 796 3458 beant
813 3405 906 3458 assumi
926 3405 952 3455 in
974 3404 1115 3456 exercitium
1134 3393 1193 3482 sacri

218 3491 438 3550 diamasa-2595.
453 3491 487 3543 lle
498 3489 649 3553 regularium
661 3503 699 3540 re·
722 3488 849 3540 ministerii
876 3487 923 3538 uisi
946 3487 972 3538 in
998 3485 1119 3538 delectum
1140 3475 1194 3528 alell

217 3571 309 3640 gimine
326 3571 357 3622 ad
378 3579 461 3634 extra,
480 3568 644 3636 aeae-2981.
665 3569 699 3620 lie
722 3569 861 3632 secularis,
882 3569 953 3620 2893.
965 3569 1003 3618 ha
1014 3566 1137 3632 regulares
1150 3569 1194 3621 sp·

220 3655 339 3722 regimine
350 3653 492 3706 eorumdem
502 3652 532 3702 ad
544 3652 617 3715 intra,
626 3651 696 3714 2982,
725 3653 818 3719 probati
830 3669 874 3720 pro
887 3652 1042 3706 consessione
1054 3643 1195 3718 possiatite·
