2526 3988
203 289 241 346 45
420 301 558 348 sinuata
578 301 679 348 sorios
699 300 779 347 runis
800 299 947 348 canonici.

205 421 219 456 o
246 417 318 460 num
333 418 387 463 sue
400 399 438 462 sit
447 399 617 480 iamdicto,
632 407 719 482 prout
734 400 863 463 sumitur
877 419 912 463 ex
927 417 994 481 cap.
1011 399 1066 462 Bc
1075 408 1172 483 porte,

205 510 220 547 a
245 487 279 550 de
289 489 438 572 rescript,
453 497 483 552 et
495 489 567 554 hinc
580 489 743 552 discrimen
758 495 803 552 est
815 489 893 551 inter
906 489 1038 566 iudicem
1052 489 1172 552 ordina·

207 599 222 637 a
246 578 325 640 rium
334 584 364 640 et
376 577 546 662 delegatum
558 599 566 642 :
577 598 648 642 nam
658 579 751 658 iudex
764 579 934 642 ordinarius
946 579 1066 641 tantum
1078 583 1175 661 potest

208 689 221 726 ι
245 685 426 749 cognoscere
440 687 479 731 an
495 687 549 732 sua
568 669 606 731 sit
620 667 803 749 jurisdictio,
818 667 941 750 wando
960 667 1017 750 ipsi
1034 667 1174 748 objicitur

206 777 221 816 r
246 757 327 838 quod
340 776 403 821 non
413 758 450 820 sit
462 763 637 840 competens
649 763 788 840 respectu
798 757 889 838 partis
902 757 1012 835 citatae,
1027 773 1090 819 non
1103 759 1174 820 uerti

206 867 221 904 a
246 847 367 928 quando
385 847 442 930 ipsi
468 847 606 927 objicitur
631 845 712 929 quoti
735 845 849 908 nuliam
871 845 980 908 habeat
996 845 1176 925 iurisdictio·

207 957 221 994 o
247 953 335 1014 nem;
352 937 469 999 atvero
486 936 640 1020 delegatus
659 953 841 1018 cognoscere
855 940 952 1018 potest
968 952 1043 998 num
1063 953 1118 997 sua
1138 937 1176 999 sit

206 1046 221 1084 o
243 1025 427 1104 jurisdictio,
443 1025 559 1090 etiamsi
573 1045 642 1109 pars
654 1027 743 1089 citata
757 1025 812 1107 ipsi
827 1025 947 1104 oinciat
962 1023 1045 1107 qucd
1060 1025 1174 1088 nullam

207 1136 221 1172 o
244 1115 482 1193 jurisdictionem
496 1116 612 1178 habeat.
636 1117 721 1178 Ratio
740 1114 923 1178 discriminis
936 1121 982 1176 est
999 1115 1071 1196 quia
1081 1112 1175 1194 Judex

207 1225 221 1260 o
247 1202 434 1282 ordinarius,
450 1205 521 1266 cum
534 1204 667 1268 defectus
685 1205 783 1268 omnis
799 1202 1014 1285 jurisdictionis
1028 1204 1083 1287 ipsi
1097 1205 1174 1286 obji-

208 1315 222 1350 o
246 1293 341 1371 citur,
356 1293 434 1356 hanc
451 1293 605 1356 fundatam
624 1294 808 1374 nonhabet,
828 1300 858 1356 et
877 1291 949 1356 hinc
969 1311 1026 1356 nec
1038 1313 1174 1376 pronun·

208 1403 222 1438 o
247 1380 320 1444 tiare
335 1383 556 1446 interlocutorie
574 1383 612 1446 de
631 1383 679 1446 itte
698 1389 812 1466 potest,
827 1402 866 1444 ne
876 1382 989 1462 iudicet
1003 1383 1033 1444 in
1055 1385 1175 1466 proprie

209 1491 223 1528 o
248 1474 351 1548 causu;
364 1477 393 1534 at
403 1471 495 1552 judex
504 1473 672 1554 delegatus,
683 1475 754 1536 cirm
764 1473 866 1535 omnis
879 1479 947 1553 agat
960 1471 1084 1535 nomine
1097 1473 1176 1536 dele·

210 1580 223 1622 a
249 1561 360 1640 gantis,
383 1561 421 1624 de
444 1563 530 1641 eujus
552 1562 776 1642 jurisdictione,
800 1569 833 1624 ut
853 1561 1175 1645 supponitur,nutiurn

209 1669 223 1706 o
249 1655 384 1712 movetur
396 1649 541 1724 dubium,
558 1651 620 1732 ipse
635 1670 756 1733 quoque
767 1651 1006 1732 jurisdictionem
1020 1649 1176 1716 fundatam

209 1759 223 1794 o
248 1745 466 1820 consequenter
475 1740 565 1802 etiam
573 1745 748 1822 potestatem
757 1739 846 1802 habet
857 1739 1057 1821 cognoscendi
1074 1748 1175 1805 utrum

210 1847 223 1884 o
249 1826 353 1890 litterae
372 1829 603 1911 detegationis...
622 1829 682 1891 sint
694 1829 809 1893 raiidae.
825 1852 841 1890 a
859 1829 1176 1912 ltaSohmalzgrueber

209 1933 257 1996 ap.
275 1917 370 1980 Bouix
385 1917 454 1999 (ἰὰ,
467 1938 497 2001 p.
513 1921 593 1998 157).

233 2013 323 2076 5585.
339 2013 421 2072 -40
443 2007 519 2071 Cum
546 2003 818 2070 excommunicatio
845 2003 863 2066 t
887 1999 1163 2067 communicatione

194 2099 304 2164 rorensi
318 2103 488 2174 removeat,
507 2102 631 2178 cpotcat
645 2094 799 2174 delegatus
813 2091 966 2155 absolvere
979 2097 1112 2154 actorem
1123 2092 1163 2155 ab

195 2213 210 2249 a
234 2187 546 2252 excommunicatione
556 2203 646 2266 quam
661 2183 784 2245 incurrit
795 2188 861 2264 post
869 2179 1003 2262 rescripti
1017 2181 1163 2262 impetra-

195 2299 211 2337 »
235 2279 348 2339 tionem
362 2276 402 2337 ob
415 2291 536 2336 causam
558 2272 755 2353 pertinentem
770 2271 807 2333 sd
820 2289 898 2346 eam,
920 2270 959 2332 ob
974 2287 1065 2351 quam
1079 2268 1162 2333 dete·

196 2389 211 2425 »
236 2365 315 2447 gatio
327 2363 406 2426 sacta
419 2369 463 2425 est
477 2409 484 2440 ‚
498 2361 555 2423 nisi
569 2360 617 2422 ilia
633 2361 671 2421 sit
683 2359 850 2442 specialiter
863 2363 1011 2422 reservata
1025 2360 1124 2441 Papae.
1141 2381 1159 2420 a

196 2455 239 2516 Ita
253 2451 434 2534 Schmatzgr.
450 2469 486 2514 ex
500 2467 567 2532 cap.
589 2447 778 2512 Pmdentiom
804 2449 837 2512 de
864 2448 943 2532 offic.
964 2453 994 2510 et
1002 2454 1067 2530 pot.
1088 2447 1161 2529 jac.

196 2542 288 2624 delep.
308 2540 428 2604 Dictum
438 2540 493 2603 suit
506 2539 666 2602 etecusam
674 2540 885 2622 pertenentem,
900 2545 958 2601 ete.
977 2555 985 2600 t
1001 2555 1072 2599 nam
1084 2539 1109 2600 si
1120 2539 1162 2602 ob

197 2649 318 2697 causam
332 2631 479 2694 diversam
493 2636 522 2692 et
535 2628 574 2692 ao
598 2647 664 2692 eam
679 2645 747 2710 quae
757 2628 892 2710 delegata
918 2635 1040 2690 estnon
1066 2629 1161 2710 perti·

198 2727 332 2798 nentem,
345 2719 622 2782 excommunicatus
641 2725 696 2794 est,
723 2717 761 2780 ad
775 2718 1102 2781 excommunicatorem
1115 2725 1163 2785 est

198 2808 405 2887 remittendus,
415 2809 467 2890 qui
478 2807 501 2868 si
514 2807 665 2870 absolvere
675 2813 792 2885 renuat,
806 2806 872 2869 vide
882 2808 947 2889 quit
959 2808 997 2870 sit
1006 2807 1160 2890 agendum

198 2917 247 2982 sp.
261 2895 527 2978 Schmnlagrueber
539 2897 558 2958 t
570 2897 607 2959 D.
624 2896 719 2960 Bouix
733 2895 780 2990 (p.
791 2901 859 2972 158)
871 2897 1007 2984 relatum.

235 2993 325 3054 5585.
341 3021 381 3034 -
394 2989 426 3048 5·
440 2985 471 3047 Si
486 2999 555 3045 reus
568 2980 682 3062 absque
702 2977 834 3058 legitime
848 2975 939 3036 causta
952 2977 1029 3032 intra
1044 2974 1168 3049 tempus

198 3079 354 3163 praeiixum
376 3093 439 3138 non
461 3075 653 3154 compareat,
677 3071 708 3129 et
729 3070 811 3127 actor
834 3063 940 3146 probet
962 3077 994 3123 se
1015 3058 1107 3122 fuisse
1134 3057 1169 3118 in

198 3167 384 3251 possessione
404 3171 434 3227 et
454 3169 556 3246 postea
578 3159 669 3222 fuisse
689 3153 870 3236 spoliatum,
893 3151 1048 3231 delegatus
1070 3151 1171 3228 potest

198 3277 269 3321 eum
280 3258 312 3319 in
325 3254 546 3338 possessionem
556 3248 723 3311 restituere.
739 3244 811 3324 Gap.
829 3235 1095 3304 Consultatiooitur
1108 3239 1169 3314 io,

200 3348 245 3408 tit.
261 3350 310 3424 29,
326 3345 377 3408 lib.
393 3339 631 3407 tDeeretalinm.

240 3465 381 3525 5581.-
394 3459 468 3522 Item
483 3461 580 3538 potest
592 3452 747 3534 delegatus
760 3451 779 3512 a
791 3448 873 3528 Papa
886 3443 994 3526 exequi
1002 3443 1092 3506 iatam
1107 3443 1124 3504 a
1138 3461 1174 3506 sa

202 3550 379 3614 sententiam
399 3553 428 3608 et
449 3563 504 3626 pro
527 3561 563 3605 eo
585 3540 675 3603 habet
693 3555 809 3601 annum
830 3537 981 3616 integrum
999 3533 1018 3596 t
1037 3531 1086 3593 die
1105 3531 1175 3594 iata)

205 3636 357 3700 sententie
370 3632 619 3713 compntandum.
631 3629 703 3708 Cap.
719 3624 906 3705 significasti
918 3627 950 3701 7,
964 3626 996 3683 et
1005 3639 1071 3701 cap.
1086 3619 1175 3694 θνα·
