2462 3984
377 245 461 290 arnan
484 243 614 290 rannus.
932 229 988 292 rto

51 343 75 400 ln
91 360 147 424 rap.
162 349 188 418 d,
204 343 237 406 ae
249 345 367 427 appell,
383 346 414 406 ia
429 347 471 421 6⁰,
487 345 616 424 exigitur
631 344 687 407 sub
701 345 788 426 poend
800 343 942 408 nullitatis
956 351 988 406 ut

48 433 226 512 taaaapostoli
239 439 374 516 petantur
384 451 456 496 cunr
471 434 664 515 expressione
676 433 857 514 prooemiaris
867 437 988 512 (Stram-

49 517 92 594 la,
105 519 157 583 llea
169 521 284 600 Petraea,
299 530 370 600 eto,
386 542 417 605 p.
432 525 513 599 Μ).
529 523 640 604 Excipe
650 521 708 585 nisi
724 523 780 585 iter
793 541 986 604 agressurus,

47 608 158 688 triadica
170 611 297 675 interiori
310 611 400 676 luerit
422 611 562 675 citatione
577 618 745 693 praeventus
760 619 921 694 antequam
934 613 989 674 iter

47 699 201 778 arripuerit:
220 720 285 784 aap.
309 699 361 765 Aa
376 701 438 764 lroer
455 704 505 778 30,
525 699 560 764 de
582 699 693 784 appell.
706 715 720 775 ,⁶
741 705 772 762 et
793 719 859 782 oap.
876 703 989 783 Propo-

46 786 116 848 suisti
128 793 177 867 to,
195 790 230 854 de
248 791 315 872 fara
333 789 517 874 competenti.
533 790 609 852 Vide
633 787 786 852 Reiffenst.
803 789 857 870 (De
876 790 988 870 ladio,

46 876 135 956 ritae,
150 878 278 959 nit-5).
371 948 374 950 ,

76 971 150 1032 5982.
164 971 283 1043 Quaerit.
295 974 330 1033 4⁰
341 969 418 1044 Quid
427 969 488 1032 sint
501 969 649 1051 apostoli?
658 967 818 1043 Quomodo
829 968 948 1052 petendi
963 975 992 1031 et

45 1057 205 1122 uuerdendi
219 1059 303 1122 siat?
316 1061 355 1121 Et
369 1078 407 1121 an
419 1058 477 1121 sint
493 1057 681 1121 necessarii?

75 1146 151 1229 Resp.
166 1147 321 1211 Vooabulo
341 1148 534 1231 apostolorum
556 1147 606 1209 hta
620 1145 771 1228 designari
792 1147 904 1210 litteras
917 1165 992 1230 quas

42 1231 117 1311 jader
138 1235 156 1297 ἀ
181 1258 256 1320 qua,
281 1237 320 1300 ad
343 1237 516 1299 instantiam
539 1236 735 1319 appellantis,
759 1238 991 1300 transmittitad

42 1323 152 1399 jadicem
173 1327 212 1390 ad
230 1347 336 1409 qaam,
352 1327 383 1388 in
401 1326 608 1390 testimonium
627 1332 658 1390 et
677 1325 769 1389 fidem
784 1327 992 1409 appellationis

44 1411 211 1496 interpositae.
230 1417 358 1496 (Bouix,
374 1416 429 1494 ia,
447 1436 478 1498 p.
494 1420 577 1494 276.)

73 1503 163 1567 Plures
180 1511 253 1570 sunt
266 1506 469 1588 apostolorum
482 1506 598 1588 species
613 1527 621 1568 ε
636 1504 773 1570 videlieet
786 1507 816 1569 1⁰
832 1505 993 1570 dimissorii

42 1593 133 1671 quihus
142 1596 235 1675 judex
252 1597 341 1678 aqua
363 1600 485 1658 testatur
504 1594 543 1656 de
560 1596 760 1677 appellatione
776 1595 952 1681 interposita
965 1603 995 1660 et

42 1681 149 1746 artatur
157 1707 165 1762 ;
180 1687 210 1747 2⁰
224 1684 436 1748 reverentiales
450 1683 561 1766 quibus
574 1690 697 1747 testatur
711 1703 743 1748 se
763 1686 993 1768 appellationem

42 1771 187 1854 admisisse,
201 1794 266 1838 non
278 1774 318 1836 ob
330 1774 395 1854 ejas
402 1773 548 1852 justitiam
559 1820 566 1851 ‚
579 1772 632 1836 sed
642 1772 786 1836 duntaxat
803 1774 843 1836 ob
857 1795 995 1838 reverea-

42 1859 99 1922 tiant
115 1863 300 1946 Superioris;
327 1866 358 1926 3ο
380 1862 595 1925 testimoniales
617 1863 728 1945 quibus
754 1865 888 1926 notarius
909 1865 994 1930 aliive

43 1941 137 2016 honesti
149 1953 202 2017 riri
216 1953 261 2036 (in
277 1971 347 2015 oasa
363 1971 424 2034 qao
435 1951 526 2032 judex
546 1951 634 2033 aquo
654 1969 717 2013 non
730 1957 828 2033 potest
841 1953 933 2030 adiri,
948 1955 994 2018 vel

44 2042 167 2116 apostolas
183 2045 261 2107 dare
278 2043 409 2122 recusat)
424 2047 571 2104 testantur
588 2057 691 2102 eoram
709 2058 742 2103 se
758 2040 849 2106 luisse
863 2043 995 2126 appella·

45 2129 168 2215 taratoap.
188 2133 384 2210 Ultimatam,
398 2129 433 2194 de
445 2129 611 2214 appellat).
622 2127 698 2192 Vide
707 2129 781 2192 alias
790 2131 904 2214 speeies
914 2133 995 2214 apud

44 2215 193 2302 Boaulia,
205 2242 241 2306 p.
257 2226 337 2302 ΥΠ).

70 2313 148 2374 5983.
164 2311 328 2396 Apostolos
338 2311 506 2374 necessario
513 2309 663 2392 postulare
677 2309 766 2372 debet
779 2309 943 2393 appellans,
957 2313 995 2376 ita

40 2405 64 2457 at
76 2401 230 2482 appellatio
243 2399 361 2464 deserta
375 2400 413 2462 sit
426 2399 577 2463 oensenda
591 2400 615 2461 si
630 2417 693 2461 non
707 2405 847 2481 petantur
860 2402 951 2465 modo
965 2409 996 2466 et

39 2490 290 2570 tenporedebitis:
304 2489 344 2552 ita
356 2507 423 2570 oap.
436 2487 484 2551 Aa
497 2507 538 2565 eo,
549 2487 583 2550 de
595 2487 695 2570 appell
699 2535 719 2562 .‚
736 2488 767 2548 in
777 2492 823 2564 6⁰;
839 2509 906 2553 ean.
926 2494 995 2554 Post

37 2579 249 2658 appellationem
262 2583 296 2658 2,
308 2599 339 2661 q.
352 2583 382 2656 63
393 2578 539 2640 Clement.
551 2577 688 2654 Oaamaas
701 2575 735 2638 de
746 2577 854 2659 appell.
872 2586 997 2662 3estque

36 2670 217 2752 praesumptio
231 2668 297 2732 haee
306 2667 392 2752 juria
407 2675 438 2730 et
449 2667 488 2730 de
499 2667 578 2746 iure,
593 2671 803 2748 contraquam
817 2684 878 2729 non
888 2668 996 2734 admit-

35 2754 94 2818 titur
107 2758 245 2840 probatio
254 2758 285 2820 in
301 2757 485 2820 eontrarium
497 2756 521 2818 si
536 2755 865 2839 appellansaepleaerit
878 2766 994 2842 petere,

36 2861 109 2908 sacas
125 2848 150 2911 si
163 2867 228 2912 non
243 2847 349 2930 potuit.
368 2849 405 2908 Et
418 2845 475 2909 hoo
489 2845 623 2928 procedit
635 2846 751 2908 etiamsi
764 2845 855 2926 judex
874 2869 995 2932 proees-

35 2931 404 3016 determinarentur:
427 2954 513 3000 secus
531 2936 556 2998 si
576 2935 776 3018 appellaretur
792 2939 997 3020 dgravamino

36 3021 66 3080 ah
77 3024 131 3087 alio
143 3027 241 3108 quim
255 3023 385 3106 aiadice
396 3024 487 3087 illato.
502 3027 575 3088 lure
589 3031 690 3087 tamen
700 3027 870 3108 particulari
884 3038 913 3093 et
922 3051 996 3094 eon-

34 3114 183 3178 suetudine‘
206 3113 339 3196 legitime
360 3115 551 3197 prescripta,
573 3113 638 3178 fieri
661 3123 757 3196 potest
777 3119 998 3202 quddapostolr‘

34 3219 86 3262 non
106 3205 167 3266 sint
185 3205 314 3268 ornnind
338 3205 515 3268 necessarii:
536 3223 599 3266 non
620 3211 690 3267 sunt
712 3213 813 3269 autem
835 3207 866 3268 in
887 3229 945 3272 usu
966 3210 997 3271 in

32 3290 996 3380 tattiajuauteqaeaxtntaaa);tmo1unanevou(ratpert,

31 3391 61 3438 n⁰
72 3384 131 3462 xl).
152 3404 169 3441 a
189 3385 291 3459 Naar,
309 3381 409 3446 aulius
423 3382 484 3446 lead
498 3388 544 3444 est
557 3401 629 3445 usus
646 3384 852 3465 apostolorum
866 3385 896 3446 in
912 3385 995 3463 faro,

31 3487 44 3524 a
65 3487 99 3531 ac
112 3489 169 3554 per
192 3469 326 3535 libellarii
347 3472 555 3554 appellationis
572 3470 650 3535 intra
672 3471 853 3535 (leoendiarn
874 3474 904 3536 in
926 3478 998 3541 actis

30 3577 43 3614 a
66 3560 254 3636 aulonitana,
277 3561 437 3644 appellatio
461 3561 672 3643 interponitur.
693 3583 710 3622 a
735 3560 819 3623 idern
845 3563 887 3626 ait
909 3567 995 3628 Garat.

30 3645 128 3728 Soglia
140 3648 228 3728 (luat.
237 3649 308 3732 jar.
320 3651 418 3734 pria,
432 3651 452 3732 ξ
464 3655 545 3730 226).
