2526 3988
187 177 224 233 'rt
406 179 544 226 urruns
562 177 663 224 rorrns
681 175 764 222 sonrs
785 173 934 222 csuourcr.
1013 153 1019 158 ’

222 283 364 342 6666-
378 279 411 340 6⁶
433 279 485 339 Sat
500 276 660 339 unanimes
679 281 750 337 sunt
770 276 833 338 DD.
850 273 881 337 in
901 271 1065 337 asserendo
1078 272 1159 357 qnbd

185 367 314 448 religiosi
339 366 469 448 exempti
495 364 574 428 baud
598 365 731 448 possint,
752 365 783 426 in
804 364 841 426 iis
863 382 932 446 quae
954 364 1108 446 pertinent
1124 361 1160 424 ad

185 455 422 539 jurisdictionem
437 454 667 527 contentiosam,
685 471 717 516 se
730 453 889 534 subjicere,
898 471 952 536 per
966 453 1045 516 viam
1056 471 1162 536 proro-

186 545 328 628 gationis,
341 543 541 625 jurisdictioni
557 542 798 605 Ordinariorum.
814 543 1051 606 controvertitur
1062 551 1163 606 anum
1232 561 1233 566 ¹

186 652 225 696 an
240 633 319 696 idem
334 634 373 694 sit
387 632 554 696 dicendum
568 630 669 714 quoad
680 631 923 712 jurisdictionem
936 631 1162 696 voluntariam:

186 723 379 788 communior
399 722 724 800 sententiaabirmat,et
741 720 814 784 dicit
831 721 986 804 religiosos
1007 727 1164 804 exemptos

188 831 275 896 posse
290 829 444 875 recurrere
456 811 493 873 ad
509 811 658 874 ordinarii
667 809 920 890 jurisdictionem,
932 809 988 874 sub
1002 808 1051 873 bis
1062 813 1163 880 soibm

188 901 430 966 conditionibus:
448 905 478 964 1⁰
491 906 525 963 ut
538 899 625 962 tacite
640 901 720 980 Papa
733 905 785 962 aut
798 900 863 980 ejus
873 901 1003 981 Legatos
1012 897 1088 961 adiri
1106 916 1165 961 nou

188 993 292 1075 possin
304 995 336 1053 2⁰
347 990 561 1073 utSuperiores
570 987 691 1051 Ordinis
700 995 845 1070 potestate
855 987 1023 1052 necessaris
1031 993 1166 1065 careant

190 1083 220 1144 3⁰
229 1089 260 1143 ut
271 1081 415 1144 Praeiatus
425 1078 590 1157 Religionis
602 1076 782 1156 consentiet,
794 1077 899 1140 saitem
908 1077 1007 1152 tacite,
1019 1096 1068 1140 ves
1077 1077 1168 1141 etiarn

190 1169 347 1250 aliquoties
356 1167 581 1250 praesumptive,
596 1185 625 1230 v.
634 1186 679 1250 g.,
690 1166 716 1230 si
728 1166 766 1230 sit
780 1165 953 1249 impeditus.
967 1166 1095 1247 (Bouix,
1113 1165 1168 1246 in,

231 1349 414 1410 5666-111.
424 1346 481 1410 Ec
489 1345 740 1430 compromissione
748 1347 862 1430 acquiri
872 1352 970 1430 potest
982 1348 1171 1430 quasi-juris·

190 1435 306 1499 dictio:
325 1435 408 1499 unde
428 1441 462 1499 ut
476 1435 565 1517 plene
585 1434 781 1519 dignoscatur
803 1436 999 1519 quandonam
1019 1436 1117 1518 judex
1135 1439 1171 1500 sit

191 1532 382 1608 competens,
397 1524 614 1606 inquirendum
624 1531 669 1588 est
678 1525 873 1608 quandonam
884 1526 1108 1609 quistanquam
1123 1546 1171 1590 sr-

192 1615 280 1692 biter,
295 1615 334 1678 de
347 1617 438 1678 causa
452 1621 675 1696 cognoscereet
688 1617 886 1698 pronuntiare
900 1615 1032 1696 legitime
1046 1621 1169 1700 potest:

192 1703 1172 1790 arbiterquidemintelligiturpcrsonaqncsiveecdispositioneju·

199 1795 247 1872 ris,
265 1795 325 1857 sive
336 1813 373 1856 ca
387 1793 569 1856 wnccntismc
581 1795 715 1876 {sortium
729 1795 921 1856 constituitur
933 1803 967 1855 nt
979 1795 1015 1858 de
1026 1797 1115 1858 consd
1131 1817 1173 1859 co·

193 1892 308 1966 gnoscat
334 1893 364 1946 et
389 1884 562 1946 sententiam
586 1883 735 1967 proferat.
763 1884 880 1948 Priores
901 1883 1004 1947 arbitri
1027 1885 1173 1952 dicuntur

187 1973 272 2058 juris
293 1991 347 2037 seu
365 1972 522 2038 mccsscss'i
531 2019 539 2052 ,
564 1975 746 2056 posteriores
765 1976 836 2036 vero
849 1975 1097 2057 compromissarii
1119 1997 1172 2042 seu

192 2063 366 2128 voluntarii.

233 2157 321 2217 6667.
335 2151 595 2236 compromissarii
609 2156 681 2215 sunt
692 2153 737 2216 vei
750 2153 871 2236 proprie
884 2153 969 2233 dicti,
983 2155 1035 2237 qui
1050 2160 1174 2222 servatis

191 2240 1173 2326 jurisordineacformtjudiciiprocedereetpronuntiaredebent;
1240 2314 1241 2317 ,

194 2333 239 2395 vel
250 2329 510 2414 impropribdicti‚
523 2348 577 2392 seu
590 2329 801 2410 arbitrarere,
816 2333 868 2414 qui
883 2351 920 2395 ex
933 2352 1022 2416 aequo
1035 2342 1067 2397 et
1079 2335 1173 2418 bono,
1239 2365 1242 2408 a

194 2422 284 2485 etiam
299 2437 361 2482 non
375 2421 490 2481 servata
500 2417 606 2498 Judicii
615 2418 729 2498 forma,
747 2421 830 2484 litem
841 2440 1025 2506 componere
1034 2437 1173 2508 possunt.

234 2513 324 2574 6668.
341 2508 469 2572 Multirm
485 2506 629 2571 differunt
642 2509 743 2572 arbitri
760 2513 1015 2593 compromissarii
1036 2516 1054 2577 t
1070 2517 1175 2596 judice
1241 2511 1242 2546 ³

196 2601 317 2685 propris
331 2599 429 2677 dicto,
446 2617 508 2662 non
518 2599 619 2661 solum
632 2598 733 2682 quoad
747 2601 1005 2680 constitutionem,
1016 2603 1070 2668 sed
1084 2607 1175 2670 etiam

195 2689 296 2774 quoad
319 2693 515 2771 potestatem,
532 2689 688 2752 sententiae
702 2689 866 2752 efficaciam
889 2698 919 2753 et
937 2693 1173 2759 executionem:

196 2781 292 2859 major
315 2778 398 2839 enim
421 2784 465 2838 est
484 2781 614 2858 potestas
635 2778 748 2858 judicis
768 2779 889 2862 proprie
906 2779 980 2845 dicti
996 2801 1003 2843 :
1019 2801 1057 2846 ex
1081 2786 1177 2868 ipsius

197 2868 346 2932 sententia
358 2866 435 2928 actio
455 2867 569 2942 oritur;
586 2866 650 2948 ipse
675 2875 773 2950 potest
790 2869 898 2952 exequi
916 2873 1097 2936 sententiam
1113 2878 1176 2940 ose

197 2959 304 3034 latam3
319 2961 450 3040 potestas
460 2956 532 3018 verb
545 2956 648 3019 arbitri
662 2964 708 3020 est
716 2959 808 3022 stricti
819 2959 895 3041 iuris
905 2959 1021 3025 etbnes
1033 2981 1176 3048 compro-

198 3047 280 3112 missi
306 3044 452 3109 excedere
480 3063 543 3108 non
569 3044 674 3124 debet,
701 3045 740 3112 ad
762 3047 950 3112 ordinarium
973 3050 1108 3132 iudicem
1133 3061 1178 3120 est

198 3135 417 3202 recurrendum
451 3141 485 3198 ut
508 3135 602 3218 ipsius
629 3137 779 3202 sententia
802 3139 1014 3205 executionem
1050 3143 1177 3228 accipiat

198 3227 327 3308 (ibidem,
341 3245 372 3308 p.
388 3227 446 3287 257
462 3231 491 3287 et
502 3227 584 3303 258).

238 3321 326 3380 6669.
352 3314 557 3396 Multipliciter
578 3315 670 3380 etism
688 3315 832 3382 differunt
849 3317 952 3384 arbitri
965 3319 1052 3405 juris
1070 3323 1173 3389 cmm·

198 3404 417 3480 promissarum
433 3405 549 3486 priores
566 3405 650 3469 enim
672 3409 813 3490 compelli
832 3416 959 3492 possunt
982 3410 1019 3474 ad
1034 3409 1093 3480 hoc
1108 3433 1174 3481 mu·

201 3511 258 3554 nus
276 3493 503 3574 accipiendum
526 3494 707 3575 posteriores
725 3500 797 3561 vero
818 3507 1041 3567 conterremur
1063 3521 1175 3570 munus

201 3581 326 3662 impiere
342 3581 399 3643 nisi
412 3581 487 3644 illud
501 3581 673 3662 acceperint
689 3603 696 3644 ι
712 3584 745 3647 in
758 3605 820 3666 quo
841 3587 932 3654 etiam
949 3609 1021 3657 casu
1039 3596 1173 3660 excusari
