2548 3988
149 179 208 244 tto
367 187 504 236 sarusar
524 185 624 234 renus
643 185 724 232 sums
743 181 893 231 cxxoxrcr.

148 315 164 356 r
187 289 382 354 manicatioue
398 287 540 351 Ecclesioe
563 285 679 366 :quasi
700 280 974 347 excommunicatio
997 298 1060 344 non
1080 280 1122 344 sit

148 403 164 444 r
187 397 276 462 poene
290 377 470 460 spiritualis,
490 375 587 458 ligans
600 374 633 436 in
654 372 746 450 coelo,
768 372 885 436 enimes
902 369 1051 451 obligans.
1072 371 1123 432 Ex

148 491 163 532 r
188 471 220 532 S.
246 469 337 550 Aug,
351 487 396 550 ep.
412 469 473 529 250
485 464 616 528 Auxilio
628 461 789 545 Episcopo,
804 467 888 524 tract.
905 463 946 524 50
966 459 998 520 in
1015 459 1121 538 loom,

150 580 165 620 r
189 567 222 620 n⁰
239 559 276 620 li
289 575 296 618 :
311 554 401 638 falso,
413 553 589 638 pernicioso,
605 553 638 614 io
652 549 776 614 articul.
788 548 958 616 23Lotlrert'
966 548 1121 626 docmata,

149 669 165 708 r
188 645 336 708 criminas
352 663 483 708 erroneo.
499 665 515 703 r

189 737 246 799 Hic
268 741 314 798 est
336 741 437 798 autem
455 733 539 796 ertio.
561 735 600 796 23
619 729 774 794 Lutberiix
795 730 941 794 LeoneX
960 727 1125 792 darnnatus

152 824 237 906 cujus
257 823 398 888 meminit
417 823 490 886 Pius
508 823 567 900 Vl,
586 843 602 881 u
620 819 947 883 excommunicationes
964 824 1037 881 sunt
1052 825 1126 881 tsn-

152 936 166 974 r
190 915 255 978 tirm
267 931 365 995 poenre
377 918 526 990 externae,
537 929 595 974 nec
608 911 725 992 privant
738 908 894 972 bominem
907 907 1128 972 communibus

152 1025 167 1064 r
191 1002 397 1085 spiritualibus
409 1001 551 1064 Ecclesiae
564 999 760 1063 orationibus.
776 1020 792 1058 u

192 1095 282 1155 6366.
297 1126 337 1138 -
350 1092 386 1154 ll.
401 1088 559 1172 Multiplici
572 1087 663 1151 modo
680 1087 855 1151 dividuntur
867 1105 1004 1152 censure
1020 1107 1028 1149 :
1045 1091 1077 1150 l*
1090 1087 1126 1150 in

153 1199 218 1242 suos
235 1180 360 1262 species,
376 1197 487 1259 nempe
505 1177 536 1240 in
556 1177 895 1256 recommuoicotiooem,
913 1178 1126 1260 suspensionem

154 1277 183 1330 et
193 1267 400 1342 interdictum
410 1272 441 1329 et
454 1266 520 1329 haec
532 1264 638 1328 divisio
649 1265 687 1328 eb
700 1265 829 1347 ipsomet
838 1266 908 1350 jure
920 1266 1065 1330 traditur:
1081 1267 1128 1329 sic

155 1356 237 1419 enim
258 1355 349 1418 habet
366 1373 432 1438 cap.
452 1354 604 1432 Quaerenti
615 1359 671 1432 20,
689 1352 725 1417 de
739 1353 851 1418 verbm.
866 1356 987 1438 sipoisr
1006 1359 1126 1430 coue-

155 1469 171 1506 r
196 1446 272 1508 renti
284 1443 357 1526 quid
366 1462 420 1526 per
429 1461 589 1507 censuram
598 1443 831 1508 ecclesiasticam
839 1443 947 1508 debeat
959 1444 1125 1528 intelligi„

155 1557 171 1596 r
195 1533 414 1615 respondemus
432 1532 514 1614 qudd
532 1551 586 1615 per
608 1552 676 1596 eam
692 1552 753 1596 non
775 1533 874 1596 solum
892 1534 1057 1611 interdicti,
1073 1535 1127 1598 sed

156 1645 172 1684 r
196 1621 517 1685 excommunicationis
530 1628 561 1685 et
572 1621 778 1704 suspensionis
792 1623 940 1686 sententie
952 1623 1030 1686 valet
1042 1623 1127 1688 intel·

156 1735 172 1773 r
196 1711 291 1793 ligio
308 1711 367 1775 Sed
386 1713 477 1774 etiam
494 1711 560 1775 herc
581 1711 687 1776 divisio
711 1712 854 1776 fundatur
872 1715 980 1775 nature
998 1731 1125 1776 rerum:

157 1802 286 1866 namuel
301 1806 332 1865 l⁰
345 1801 524 1865 christianus
537 1799 718 1884 delinquens
730 1804 877 1865 arcetura
891 1801 979 1865 bouis
992 1821 1129 1867 commu·

157 1891 248 1954 nibus
262 1899 409 1974 quatenus
430 1892 579 1955 inducunt
598 1892 906 1956 communicationem
924 1911 995 1956 cum
1012 1894 1128 1958 ceteris

158 1980 314 2058 fidelibus,
328 1987 359 2044 et
371 1989 443 2045 tunc
457 1989 503 2044 est
515 1981 774 2044 excommunicatio
779 2002 790 2052 ,·
804 1981 851 2045 vel
866 1983 896 2044 2⁰
909 1981 1077 2044 excluditur
1089 1981 1129 2045 sb

158 2069 264 2134 iisdem
279 2070 366 2133 bonis
379 2079 528 2153 quatenus
541 2070 751 2152 unusquisque
762 2071 812 2150 jus
826 2071 917 2133 hebet
932 2071 971 2133 ed
989 2071 1025 2134 iis
1037 2071 1128 2154 parti·

158 2159 339 2241 cipandum,
358 2165 462 2240 utpote
478 2159 556 2241 juris
573 2159 702 2240 publici,
714 2166 744 2222 et
756 2168 831 2222 tuno
849 2166 895 2221 est
912 2158 1129 2239 interdictum

159 2248 257 2310 ve13⁰
281 2247 408 2310 clericus
429 2246 468 2310 ab
489 2246 532 2309 eis
556 2254 674 2310 arcetur
696 2254 845 2330 quatenus
866 2254 937 2310 sunt
959 2248 1128 2314 functiones

160 2335 320 2416 ordinum,
335 2335 518 2417 ciliciorum,
533 2343 585 2400 aut
602 2336 819 2401 beneficiorum
839 2337 1126 2419 ecclesiasticomm,

160 2432 191 2488 et
219 2433 293 2490 tunc
318 2433 363 2491 est
388 2428 535 2510 suspensio
559 2429 731 2510 (Lequeux‚
756 2437 789 2492 η’
813 2427 917 2508 tlte).
945 2429 1128 2510 Explicatibs

161 2516 238 2580 inira
252 2517 360 2581 dicitur
379 2517 454 2599 quid
468 2537 522 2600 per
540 2535 790 2598 unamquemque
807 2535 913 2582 cerum
930 2536 1127 2584 censurarum

161 2605 198 2667 sit
211 2606 451 2688 intelligendum.
467 2606 694 2670 Observandum
706 2613 752 2668 est
764 2613 865 2669 eutem
877 2607 960 2689 qudd
973 2607 1005 2671 in
1018 2609 1128 2674 Decre-

161 2693 270 2758 talibus
293 2714 401 2759 omnes
423 2715 559 2760 censure
586 2693 880 2778 comprehendantur
905 2696 963 2760 sub
986 2697 1074 2761 titulo
1093 2697 1128 2763 de

161 2783 305 2846 sententie
326 2785 647 2863 excommunicationis,
666 2786 739 2866 quia
759 2785 1030 2850 excommunicatio
1048 2787 1080 2851 iu
1095 2804 1127 2852 se

161 2874 295 2936 continet
312 2893 420 2938 omnes
439 2873 561 2937 ellectus
583 2873 712 2937 aliarum
735 2893 947 2952 censurarum,
971 2875 1040 2940 licet
1065 2893 1126 2940 non

162 2962 270 3025 eodem
285 2963 369 3028 titulo
384 2964 450 3026 illos
463 2963 572 3044 pariat,
587 2971 621 3026 ut
634 2963 711 3026 inlru
724 2961 932 3046 explicabitur.

202 3056 291 3116 6367.
307 3087 347 3101 -
362 3056 394 3118 2⁰
408 3053 534 3116 Ratione
552 3053 631 3116 modi
652 3071 713 3135 quo
732 3053 803 3116 terri
821 3053 936 3134 solent,
956 3051 1128 3118 dividuntur

162 3161 314 3215 censure,
331 3143 363 3204 in
379 3163 511 3207 censuros
530 3143 549 3206 6
560 3141 644 3225 jure,
659 3150 689 3207 et
701 3163 835 3206 censuros
852 3143 890 3206 cd
903 3143 1017 3207 ironice
1032 3163 1126 3209 scen·

163 3250 241 3295 surse
254 3233 273 3295 ἁ
280 3231 354 3314 jare
367 3239 439 3296 sunt
453 3232 509 3294 illae
522 3229 706 3314 quaedjore,
723 3251 777 3296 seu
791 3252 845 3315 per
858 3251 1001 3311 oenones,
1015 3233 1127 3296 Consti·

163 3323 309 3402 tutiones,
323 3323 370 3386 vel
383 3327 489 3385 statuta
513 3321 648 3384 teruntur
666 3322 757 3385 modo
770 3323 867 3386 stabili
882 3328 911 3386 et
928 3323 1124 3406 permanenti.

165 3409 307 3474 censure
319 3412 390 3474 verb
400 3412 436 3474 ot
452 3411 591 3490 domiue,
611 3419 683 3474 sunt
698 3431 741 3476 eae
758 3431 826 3495 quer
840 3413 969 3494 ajudice
986 3432 1041 3500 per
1059 3431 1125 3476 scn-

164 3499 287 3560 tentiam
299 3501 504 3581 judiciariam,
518 3499 596 3565 veli
612 3501 735 3565 Prrelato
753 3521 807 3584 per
819 3503 984 3586 temporale
1003 3501 1125 3566 menda·

166 3591 238 3664 turn,
256 3589 315 3650 sire
326 3591 501 3669 particulare
512 3591 573 3653 sire
582 3591 732 3672 gencrale,
744 3589 920 3672 infliguntur
930 3595 982 3654 sut
990 3597 1124 3655 statuum
