2462 3984
199 281 257 345 188
418 301 555 348 sanutus
574 301 675 346 roaros
695 300 777 345 sonrs
797 298 947 344 canonica.

194 401 261 479 jure
276 398 414 460 naturali.
429 403 472 460 Ex
484 401 552 478 jure
567 404 668 461 autem
688 397 815 479 positivo
833 394 1055 472 ecclesiastico,
1070 392 1162 476 plures
1216 471 1217 490 Χ

196 493 266 550 sunt
280 505 367 550 casus
379 487 409 548 in
424 486 626 569 quibusadest
640 485 782 567 obligatio
795 485 1006 562 denuntiandi,
1216 497 1217 500 ’

235 577 377 640 Sict⁰est
387 577 529 658 obligatio
539 575 736 638 denuntiandi
747 573 964 657 impedimenta
973 573 1168 644 matrimonii,

197 667 238 728 lle.
258 666 315 728 lrac
328 665 509 747 obligatione
523 664 654 728 diximus
675 683 765 746 supra
786 664 945 728 occasione
959 661 1164 748 publicationis

197 756 365 818 bannorum
381 759 481 833 (4064,
495 756 576 832 eto).

235 845 265 906 2⁰
279 845 334 916 0114
349 843 645 925 novitindignitatem
654 841 850 924 promovendi
865 841 903 906 ad
916 859 1019 906 sacros
1030 842 1164 918 ordines,

195 933 285 1005 debet
298 933 379 996 illam
386 932 567 1016 judicialiter
581 931 768 995 denuntiare.
783 932 859 994 Vide
872 931 950 995 dicta
963 949 1057 1014 supra
1070 933 1164 1010 (9051,

196 1025 276 1100 111).
1217 1063 1218 1066 =

236 1113 326 1174 5840.
344 1145 380 1156 —-
395 1113 427 1171 3⁰
442 1113 492 1173 Est
510 1110 653 1192 obligatio
663 1111 844 1196 judicialiter
861 1107 1063 1174 denuntiandi
1077 1107 1164 1172 here·

197 1200 272 1260 ticos
286 1201 363 1282 (cap.
377 1203 407 1276 9,
419 1198 454 1262 de
468 1199 642 1275 florencia·
654 1221 721 1284 cap.
735 1202 929 1284 Quapropter,
946 1211 1038 1262 causa
1047 1204 1079 1276 2,
1094 1217 1126 1279 q.
1139 1201 1164 1272 ’1,

196 1295 226 1348 et
239 1288 303 1350 aliis
324 1289 391 1351 111).
407 1289 502 1351 Bouix
519 1289 633 1367 citatis,
647 1289 702 1366 40,
716 1309 746 1372 p.
762 1293 831 1366 53);
847 1296 878 1352 et
890 1289 949 1352 boc
961 1286 1088 1370 quidem
1102 1303 1166 1349 curn

197 1376 331 1457 periculo
359 1379 456 1458 gravis
482 1378 606 1452 damni,
631 1379 656 1441 si
678 1379 739 1441 sint
760 1375 925 1441 formaliter
947 1376 1081 1439 haeretici
1103 1395 1111 1436 :
1134 1374 1165 1436 ad

198 1465 278 1547 quod
289 1473 430 1529 tenentur
444 1467 533 1528 etiam
548 1467 600 1528 lilii
615 1473 646 1530 et
658 1475 808 1549 parentes.
825 1467 856 1530 si
870 1468 941 1530 verb
954 1467 1015 1528 sint
1027 1460 1167 1528 duntaxat

198 1556 326 1636 suspecti
341 1556 378 1616 de
392 1555 514 1628 haeresi,
530 1576 591 1620 non
605 1563 649 1618 est
659 1557 802 1638 obligatio
812 1557 879 1620 illos
887 1553 1087 1618 denuntiandi
1102 1573 1166 1617 cum

197 1643 330 1724 periculo
354 1645 450 1725 gravis
474 1645 678 1722 incommodi,
704 1646 760 1708 nisi
784 1645 900 1708 adesset
921 1646 1071 1707 damnum
1093 1662 1167 1708 com·

198 1751 306 1810 mune,
319 1740 353 1794 111
367 1734 390 1794 si
406 1731 545 1796 sacerdos
557 1753 675 1815 magnae
690 1736 873 1796 auctoritatis
887 1734 1061 1816 frequenter
1075 1735 1166 1816 poeni·

197 1829 292 1884 tontes
307 1821 496 1900 sollicitaret,
516 1830 572 1884 etc.
584 1858 623 1868 -
638 1824 774 1905 Suspeeti
791 1831 892 1887 autem
906 1829 977 1887 sunt
994 1823 1033 1884 dc
1047 1822 1165 1898 haeresi,

197 1910 346 1991 sortilegi,
370 1911 557 1994 blasphemi,
582 1911 755 1974 confessarii
780 1913 992 1992 sollicitantes,
1015 1913 1167 1976 abutentes

196 2001 406 2077 sacramentis,
423 2018 515 2064 novas
530 2001 649 2082 nuptias
662 2002 777 2064 vivente
789 2003 919 2086 conjuge
938 2003 1165 2081 contrahentes,

195 2089 295 2152 clerici
305 2089 350 2152 vel
362 2090 491 2171 religiosi
503 2089 627 2171 professi
644 2091 803 2168 nubentes,
815 2097 839 2154 si
849 2092 918 2174 quis
926 2092 992 2155 sine
1005 2093 1167 2156 sacerdotio

197 2179 320 2240 missam
343 2179 473 2240 celebret
496 2186 546 2239 aut
568 2179 650 2240 aliud
673 2188 896 2243 sacramentum
925 2177 1067 2244 conficiat
1092 2203 1100 2244 :
1132 2183 1166 2242 ita

197 2267 429 2328 constitutiones
450 2266 624 2330 Pontificiae.
641 2269 714 2330 Item
729 2271 852 2352 quando
872 2269 1030 2333 intercedit
1049 2277 1166 2352 pactum

149 2391 154 2398 -
195 2373 372 2436 expressum
386 2373 457 2417 cum
471 2354 628 2434 daemone,
642 2357 688 2419 vel
707 2359 732 2420 si
747 2359 777 2421 in
798 2365 867 2423 actu
881 2359 1089 2440 superstitioso
1102 2363 1167 2422 mis
1220 2431 1221 2434 Ἴ

194 2451 301 2506 centur
321 2439 369 2506 res
388 2462 498 2520 sacrae,
518 2451 551 2506 ut
568 2443 634 2507 olea
651 2465 754 2526 sacra,
777 2448 874 2512 hostia
895 2453 1081 2510 consecrata.
1097 2449 1165 2510 Vide
1219 2463 1221 2532 1

195 2535 227 2596 S.
248 2533 371 2616 Lignor.
388 2531 451 2612 (lib.
470 2537 506 2611 4,
527 2537 667 2612 ato-253)
689 2535 741 2598 ubi
760 2543 977 2600 enumerantur
990 2536 1096 2619 plures
1120 2539 1165 2601 elii
1219 2563 1221 2570 ·

194 2641 299 2699 casus,
316 2623 347 2684 in
370 2623 482 2705 quibus
503 2628 604 2686 111111
627 2623 820 2687 admittendis
840 2643 902 2688 non
921 2643 1028 2688 omnes
1050 2645 1167 2710 semper

195 2713 389 2775 concordant.
406 2712 481 2774 Vide
494 2711 585 2774 etiam
605 2713 703 2776 Bouix
719 2713 774 2792 (01
794 2714 906 2790 ludio,
921 2721 996 2776 tom.
1013 2719 1048 2791 2,
1065 2737 1096 2798 p.
1111 2719 1165 2780 319

81 2827 84 2834 ·
194 2806 224 2862 et
248 2803 335 2878 380);
360 2807 391 2863 et
417 2800 561 2863 Streurler
582 2801 651 2880 (Des
671 2799 774 2864 Pet'aes
800 2802 1053 2886 ecclesiastt'ques,
1077 2823 1108 2888 p.
1129 2809 1165 2868 91

194 2898 223 2950 et
237 2891 297 2968 98).

233 2981 277 3039 De
291 2977 474 3058 obligatione
483 2978 682 3043 denuntiandi
691 2980 890 3044 confessarios
903 2982 1050 3064 adturpia
1064 2983 1166 3047 sollici·

194 3073 291 3130 tantas
302 3065 433 3130 diximus
447 3086 537 3150 supra
551 3071 659 3149 (3868,
675 3073 757 3150 etc).

232 3161 265 3218 4⁰
276 3155 478 3218 Denuntiandi
490 3166 560 3219 sunt
574 3159 665 3220 etiam
679 3157 852 3222 confessarii
866 3159 919 3241 qui
929 3161 1164 3242 aponixennbus

195 3246 318 3326 exigunt
331 3245 387 3306 sibi
402 3246 524 3306 revelari
541 3265 654 3310 nonaen
668 3248 836 3330 complicis.
852 3249 905 3312 lle'
917 3267 981 3332 quo
997 3250 1066 3314 vide
1078 3249 1163 3313 ctiam

193 3333 270 3396 diota
285 3352 375 3416 supra
391 3336 594 3413 (38983888).

232 3427 411 3484 5811-11ο
422 3425 464 3486 Ex
479 3424 617 3505 pluribus
630 3427 683 3490 SS.
705 3427 886 3492 Pontificum
901 3427 1162 3492 Constitutionibns

194 3517 238 3571 est
251 3509 392 3590 obligatio
410 3511 609 3574 denuntiandi
630 3533 683 3578 eos
700 3517 753 3598 qui
768 3517 889 3580 secretis
909 3526 1091 3580 muratarum
1103 3521 1162 3595 (1111

193 3596 349 3674 similium)
372 3600 569 3663 societatibus
593 3622 704 3666 nomen
728 3605 901 3684 dederunt;
926 3607 965 3669 ab
986 3607 1161 3690 obligations

193 3685 263 3747 talia
280 3685 477 3749 denuntiandi
492 3707 554 3751 non
568 3699 690 3756 excusat
707 3701 855 3758 secretum
872 3696 1056 3779 promissum
1075 3695 1159 3758 etiam
