2548 3988
504 309 590 356 cmm
606 310 737 357 ruamus.
1046 297 1105 357 ata

136 431 150 471 n
173 415 269 476 vester
283 429 406 494 quoque
420 410 532 476 docens
546 410 689 475 admonet
702 431 953 497 unumquemque
967 415 1104 478 sacerdo-

137 523 150 562 r
174 508 247 579 tem,
259 509 293 564 ul
306 502 407 564 nullus
417 504 506 564 causa
515 501 719 564 fornicationis
728 503 860 566 ad'suem
870 505 1106 586 poenitentialem

136 611 150 650 a
175 588 333 654 accedat...
351 592 539 672 Quapropter
556 591 614 654 hoc
627 591 726 655 scelus
742 593 767 653 si
783 591 851 673 quis
869 594 1104 674 perpetraverit,

136 701 151 740 n
176 698 239 742 non
262 679 360 742 solirm
384 678 536 761 dignitatis
558 680 706 743 honorem
730 680 866 756 amittat,
889 683 992 743 verirm
1016 683 1106 743 etiam

89 781 92 786 ’
136 791 150 829 n
176 787 274 851 usque
287 769 325 831 ad
338 769 453 832 exitum
468 768 534 832 vitae
548 787 610 833 suae
621 769 686 850 jugi
708 769 891 851 poenitentiae
908 787 940 832 se
954 769 1071 832 subdat.
1082 791 1103 828 n

135 860 207 940 Cap.
227 857 329 921 Oraaea
342 861 373 936 8,
383 875 475 921 causa
484 859 535 935 30,
551 876 582 942 q.
599 858 708 922 l.llide
719 859 810 922 etiam
823 875 892 921 can.
905 861 963 923 θοι
972 861 1020 936 l0,
1033 859 1108 938 ejus

135 947 207 1010 dem
221 964 339 1011 cause.

177 1039 266 1100 6269.
283 1071 323 1084 -
336 1040 368 1099 6·
386 1036 592 1100 all'mrriratr'o
605 1037 716 1118 clerici,
732 1038 783 1120 qui
798 1038 830 1099 in
844 1037 936 1101 sacris
954 1034 1109 1099 ordinibus

134 1149 151 1187 ι
178 1131 331 1202 rersatur,
348 1143 524 1208 quanquam
542 1144 646 1188 verum
665 1126 702 1188 sit
721 1126 933 1207 sacrilegium,
953 1131 1054 1188 tanren
1076 1131 1110 1187 ut

133 1237 153 1274 n
179 1215 306 1295 simplex
319 1213 475 1277 fornicatio
493 1215 627 1296 punitur.
647 1217 682 1276 nt
696 1215 888 1298 sacrilegium
902 1233 972 1278 cum
986 1213 1110 1277 moniali

134 1327 155 1365 n
180 1302 377 1366 commissum
392 1303 518 1386 graviori
533 1322 631 1387 poenae
640 1303 798 1386 subjicitur
801 1350 862 1368 .....
878 1307 951 1368 lure
964 1303 1109 1366 canonico

134 1415 154 1452 n
180 1393 291 1469 laicus,
319 1392 372 1474 qui
398 1393 562 1458 monialem
586 1395 786 1476 compressit,
812 1393 1108 1469 excommunicatum

134 1505 155 1544 a
180 1481 308 1544 clericus
326 1483 457 1563 privatur
480 1482 649 1560 beneficio,
671 1489 701 1545 et
714 1483 869 1565 depositus
890 1483 929 1545 ab
951 1482 1056 1545 ordine
1079 1482 1110 1544 in

136 1593 155 1634 n
181 1571 416 1647 monasterium,
431 1589 486 1635 seu
507 1572 607 1654 potius
620 1573 652 1636 in
670 1591 821 1636 carcerem
840 1573 1032 1635 detruditur:
1049 1571 1112 1653 ipsa

137 1683 156 1722 a
180 1661 252 1722 rerd
269 1660 423 1736 monialis,
441 1679 510 1743 quae
531 1679 563 1725 se
576 1662 677 1725 violari
698 1680 785 1743 passa
805 1667 870 1738 est,
886 1668 936 1724 aut
957 1661 988 1724 in
1002 1662 1112 1724 arctius

139 1772 156 1810 n
182 1749 413 1826 monasterium,
426 1757 476 1813 aut
488 1751 520 1812 in
529 1769 681 1814 carcerem
695 1750 864 1832 conjicitur.
876 1772 892 1809 n
906 1750 979 1832 (Sed
991 1768 1112 1813 rursum

140 1839 207 1902 lraec
220 1838 482 1902 omniaobserrari
498 1857 559 1902 non
569 1839 724 1921 patiuntur
738 1839 818 1920 leges
831 1839 955 1919 civiter.)

184 1932 272 1992 6270.
289 1963 322 1977 -
337 1931 369 1990 ’1ο
382 1951 398 1988 a
411 1929 553 2011 Raptores
567 1928 735 2011 virginum,
751 1928 808 1988 nisi
823 1929 1001 1991 assentiente
1014 1929 1113 2009 puelli

143 2043 158 2080 n
184 2018 299 2082 crimen
323 2017 516 2080 matrimonio
539 2023 704 2100 purgetur,
721 2017 1031 2080 excommunicatione
1056 2037 1112 2100 pu-

145 2133 159 2170 n
186 2110 330 2184 niuntur,
369 2115 421 2170 aul
450 2107 637 2189 depositione
673 2107 697 2169 si
725 2105 852 2170 clericus
885 2114 986 2188 raptor
1013 2106 1112 2170 luerit.

145 2225 159 2262 n
188 2203 329 2280 ltaptores
354 2196 489 2260 mulieris
514 2215 582 2278 quae
606 2197 704 2258 virum
730 2195 841 2271 habet,
867 2195 995 2259 subsunt
1018 2197 1115 2278 poenis

146 2314 160 2352 n
186 2288 388 2352 adulterorum
399 2285 490 2365 l'l‘rid.
507 2304 580 2349 sess.
596 2289 646 2361 tl,
662 2303 729 2368 cap.
745 2289 776 2360 6,
788 2284 823 2348 de
836 2283 945 2368 resi)...
958 2285 1115 2349 Sacrorum

145 2403 161 2440 r
187 2383 287 2441 autem
298 2375 449 2459 virginum
468 2375 528 2438 sire
545 2375 725 2438 monialium
745 2381 879 2455 raptores
896 2393 1001 2455 poenas
1015 2375 1115 2456 perle-

146 2493 162 2528 n
187 2473 272 2542 runt,
293 2484 363 2549 quae
377 2465 498 2528 essoris
515 2463 682 2527 canonibus
702 2468 808 2526 contra
827 2469 962 2545 raptores
980 2463 1068 2524 simul
1087 2469 1117 2524 et

147 2581 164 2616 a
189 2553 866 2632 sacrilegossuntconstitutaeolcan.tetseq„
877 2553 1024 2618 causatio.
1037 2553 1112 2624 qul.

184 2633 1114 2712 cara-8⁰rsmomroermmnnerioeumbestiis,nondeliota

145 2749 161 2786 s
186 2723 238 2786 sed
247 2729 418 2785 monstra...
431 2727 512 2784 sunt.
524 2720 603 2784 Olim
617 2721 756 2803 quisquis
765 2727 827 2784 tam
841 2721 918 2784 loeda
928 2729 958 2786 et
971 2725 1114 2794 immania

147 2837 162 2875 n
188 2819 330 2894 patrasset
337 2809 504 2874 crimina...
518 2828 579 2873 non
589 2810 717 2873 solumi
731 2811 845 2889 limine,
857 2813 962 2876 verum
975 2817 1065 2880 etiam
1076 2819 1114 2881 ab

149 2925 164 2964 o
188 2900 270 2964 omni
286 2900 419 2963 ecclesiae
440 2905 518 2962 tecto
538 2900 758 2964 remorabatur.
775 2901 871 2965 Hodie
890 2901 941 2986 (ob
957 2907 1114 2972 rodemiam

150 3015 165 3053 a
189 2990 400 3074 perfectam)...
417 2989 485 3070 jure
498 2990 933 3055 canonicoexcommunicatio
945 2995 974 3055 in
989 2996 1113 3073 laicum,

151 3105 166 3143 s
192 3078 1116 3160 inclericumverddepositioabofficio,lenelrciomrdinecle-

152 3195 167 3230 n
192 3167 1036 3255 ricali,etinmonasteriumdetrusio,constilutaest(cap.
1050 3175 1116 3237 Cle-

152 3279 168 3320 a
195 3255 263 3334 rr'ei,
275 3255 423 3322 deaceae.
442 3258 562 3341 Prot).
577 3259 691 3322 Eodem
703 3279 825 3342 quoque
840 3261 931 3324 modo
951 3263 1119 3341 puniuntur

151 3371 168 3412 n
193 3346 245 3430 qui
257 3363 312 3409 sua
325 3364 397 3408 cum
406 3346 506 3410 bestiis
516 3368 643 3430 corpora
656 3351 914 3412 commiscuerint.
926 3371 941 3410 n
955 3353 1058 3413 Devoti
1073 3351 1119 3433 (ul

151 3435 267 3520 supra).
286 3433 360 3498 Vide
378 3437 499 3518 insuper
513 3437 614 3502 Const.
630 3439 816 3503 Horrendum
831 3439 865 3502 S.
882 3439 926 3501 Pii
937 3441 974 3519 V,
990 3447 1019 3502 et
1042 3441 1120 3506 Code

149 3526 314 3612 pe'nol(art.
324 3529 378 3588 331
392 3534 420 3589 et
432 3527 523 3614 seq.).
534 3530 577 3590 De
591 3527 671 3592 dicta
681 3530 833 3593 excomm.
845 3529 913 3592 silet
929 3531 962 3593 C.
977 3531 1036 3614 Ap.
1047 3531 1114 3598 Sed.

191 3620 235 3680 De
248 3617 438 3681 confessione
452 3617 610 3698 complicis
617 3625 647 3680 et
657 3618 697 3682 de
707 3618 950 3698 sollicitantibus,
966 3621 1120 3688 videdicta

151 3725 240 3790 supra
256 3706 467 3788 (auca-³891).
