2526 3988
217 220 254 280 ro
435 235 571 282 sanuses
591 233 691 282 rorrus
712 234 792 280 runrs
815 234 963 282 canonici.

217 330 365 414 significet
378 331 479 395 locum
489 331 644 414 publicum
654 332 692 394 ad
704 350 795 414 quem
808 350 855 394 res
865 330 985 394 venales
997 331 1196 408 deteruntur,

218 420 373 484 sedetiam
387 429 416 485 et
430 421 594 504 praesertim
609 421 745 505 designat
759 422 859 484 locum
869 420 901 484 in
916 439 978 503 quo
991 420 1058 483 lites
1072 427 1104 484 et
1113 420 1200 502 judi·

219 510 452 574 ciaexercentur
467 511 544 593 (cap.
566 511 679 588 Fores,
697 513 750 589 10,
771 509 807 574 de
820 508 900 574 verb.
923 508 1053 594 sipnisi.
1076 511 1200 573 Forum

220 599 309 662 etiam
331 599 480 680 significat
497 606 595 664 totum
614 599 798 664 territorium
820 599 932 682 inquo
954 599 1084 682 quisque
1095 598 1201 679 judex

221 689 309 752 habet
321 689 650 772 jurisdictionemsseg.
659 689 797 772 Pupillus
808 688 917 768 staff.
928 687 963 751 de
972 687 1202 770 vecl.si9nr'f.):

222 797 283 861 quo
296 797 387 841 sensu
400 778 538 843 dioecesis
551 779 661 842 dicitur
674 779 783 842 Forum
797 778 951 862 Episcopi.

243 913 246 920 .
266 891 280 927 o
300 869 418 950 ltaque,
436 868 476 932 ait
515 868 653 951 Pirhing,
673 869 794 952 proprie
814 867 967 950 loquendo
987 867 1088 930 lorum
1108 885 1202 931 oom-

223 983 236 1016 n
262 963 367 1042 petens
384 964 505 1021 vocatur
518 957 649 1022 tribunal
660 956 770 1038 judicis
789 959 877 1036 cujus
897 956 1098 1038 jurisdictioni
1125 976 1204 1020 reus

224 1075 236 1107 n
263 1047 428 1127 subjicitur,
444 1049 505 1110 sire
518 1047 549 1110 in
563 1066 625 1130 quo
639 1066 708 1111 reus
722 1047 760 1109 ab
777 1053 878 1110 actore
887 1046 1039 1109 conveniri
1047 1045 1139 1109 debet
1147 1054 1203 1110 aut

225 1163 238 1196 o
264 1135 1205 1219 potest..:adeoquelorum...importat...tumjurisdictionem

225 1253 238 1284 o
265 1245 332 1307 quae
346 1233 500 1289 exercetur
514 1227 546 1289 in
560 1227 661 1291 litibus
679 1225 874 1304 dirimendis,
898 1225 1069 1288 tumeliam
1091 1223 1204 1292 locum

226 1341 240 1375 o
265 1335 318 1378 seu
331 1315 462 1378 tribunal
477 1317 508 1378 in
523 1335 584 1399 quo
597 1316 664 1380 lites
674 1315 895 1379 dirimuntur.»

266 1409 355 1468 5655.
379 1405 586 1487 Competentia
596 1406 668 1468 nihil
682 1405 763 1482 aliud
777 1423 843 1468 esse
852 1405 1052 1487 potestqudm
1066 1404 1207 1487 ipsamet

226 1495 413 1575 iurisdictio:
429 1495 540 1577 quippe
552 1495 643 1574 iudex
653 1501 827 1576 competens
835 1493 936 1556 nullus
946 1511 1010 1556 esse
1020 1500 1121 1576 potest
1142 1497 1207 1560 nisi

230 1586 278 1667 qui
294 1590 468 1666 potestatem
478 1584 567 1646 habet
577 1586 627 1666 jus
640 1583 760 1646 dicendi
775 1602 847 1664 erga
860 1583 1008 1664 litigantes
1021 1583 1123 1665 quoad
1134 1601 1207 1650 ma·

230 1675 334 1736 teriam
348 1673 605 1756 dequtlitlgatur.
621 1674 673 1736 illa
684 1672 852 1753 jurisdictio
876 1671 1038 1754 requiritur
1053 1672 1150 1736 simul
1172 1677 1208 1738 in

230 1783 372 1844 personas
389 1771 419 1826 et
440 1781 561 1827 causam
584 1763 659 1840 litis,
682 1780 739 1826 nec
757 1761 865 1828 sufficit
887 1762 919 1825 in
942 1761 1116 1826 alterutram
1134 1783 1142 1824 :
1158 1766 1208 1829 sic

235 1854 396 1935 Episcopus
415 1871 476 1916 non
498 1857 596 1936 potest
615 1852 749 1932 judicare
768 1870 874 1917 causas
892 1852 975 1914 mere
995 1853 1206 1933 temporales,

232 1945 345 2006 etiamsi
360 1943 545 2006 dioecesanos
557 1961 628 2006 suos
641 1941 816 2024 respiciant,
832 1959 888 2004 nec
899 1958 1003 2004 causas
1016 1941 1207 2022 spirituales,

231 2032 268 2093 ad
284 2033 376 2113 ipsius
389 2033 520 2096 tribunal
534 2033 738 2115 pertinentes,
756 2031 780 2093 si
795 2031 979 2112 alienigenas
995 2043 1207 2110 conccrrrant;

232 2121 340 2184 suffieit
351 2128 452 2184 tamen
467 2128 501 2184 ut
511 2121 605 2200 judex
632 2121 670 2183 sit
687 2125 863 2203 competens
883 2117 983 2201 quoad
1006 2134 1114 2182 reum:
1130 2141 1209 2186 nam

232 2217 275 2272 est
296 2211 397 2290 regula
417 2209 564 2290 generalis
582 2209 620 2272 ab
642 2209 784 2271 omnibus
803 2209 933 2272 admissa
952 2215 1098 2291 tanquam
1120 2221 1209 2275 certa

233 2298 312 2380 qudd
327 2305 409 2360 actor
420 2297 521 2360 iorum
535 2297 580 2360 rei
589 2297 673 2380 sequi
688 2297 805 2362 debeat.

273 2391 363 2450 5656.
386 2388 615 2468 Quaestioergo:
630 2385 737 2451 Utrum
746 2388 811 2471 quis
820 2389 861 2450 sit
869 2397 1037 2472 compotem,
1047 2389 1211 2457 reducitur

233 2477 270 2538 ad
285 2477 371 2539 istam
388 2496 395 2538 :
411 2478 460 2540 Aa
475 2477 540 2559 quis
547 2475 787 2560 jurisdictionem
800 2478 860 2540 sice
873 2478 1055 2541 ordinariam
1073 2481 1138 2544 sive
1151 2502 1211 2546 ex·

235 2567 464 2628 troordinoriom
478 2567 510 2627 io
523 2585 638 2628 causum
648 2566 752 2628 talium
766 2566 952 2648 litipontium
965 2567 1080 2632 doleat.

274 2658 1212 2752 Quotuplicimoddpariterdiridendussitlorusresolvipotesl

235 2747 271 2810 cd
287 2748 372 2809 istam
387 2767 394 2807 :
409 2747 575 2829 Ouoluplici
587 2751 668 2814 modi
681 2754 775 2817 diuidi
793 2753 893 2817 debeat
904 2756 1105 2837 jurisdictio?
1119 2760 1209 2828 circs

237 2837 315 2918 quod
330 2834 397 2899 vide
410 2836 483 2918 quid
494 2837 659 2904 dixerimus
670 2861 760 2925 supra
771 2847 930 2926 (err-288).

643 3047 725 3110 Ant.
748 3047 783 3112 ll.

276 3199 314 3248 BR
334 3197 413 3246 11θῦ0
434 3199 623 3248 ntdnoscsrtnt
643 3201 683 3248 att
705 3202 770 3258 Quis
791 3205 905 3252 ΗΑΒΕΑΤ
926 3205 1164 3258 concesseritis.

278 3374 367 3434 5657.
390 3369 466 3434 Cirm
479 3369 592 3452 duplici
606 3369 698 3434 modo
710 3373 780 3455 quis
793 3377 887 3457 possit
900 3376 1010 3440 habere
1028 3387 1209 3462 competen-

239 3457 464 3536 tiam,videlicet
474 3477 483 3520 a
495 3463 526 3522 l·
535 3457 650 3522 ratione
659 3463 911 3546 extraordinariae,
924 3472 955 3529 et
967 3467 1211 3532 &rationeordi-

241 3549 331 3609 neriae
341 3547 574 3627 jurisdictionis,
588 3550 743 3612 materiam
757 3551 835 3615 hanc
849 3555 880 3616 in
894 3555 1047 3638 duplicem
1068 3576 1211 3640 paragra·

242 3635 523 3715 phumdieidemsrs.
