2452 3984
195 297 249 359 reo
413 309 551 362 canuam
571 313 671 362 rorrus
691 315 772 362 runis
794 314 939 366 ornemur.

192 412 337 494 Trident.‚
359 413 499 498 Episcopi
522 433 585 478 non
605 413 756 480 habebant
776 415 948 480 facultatem
974 416 1160 499 procedendi

191 505 468 586 extrajudioialiter,
483 511 517 568 ut
536 511 651 568 constat
669 525 705 568 ax
719 525 786 588 cap.
809 507 864 570 Ec
878 513 1008 570 loterel
1022 553 1030 584 ,
1045 513 1078 570 et
1091 525 1159 589 cap.

192 591 290 655 ultim.
302 594 347 656 tit.
363 599 402 672 ἓ,
419 594 472 657 lib.
489 599 504 658 l
521 595 817 658 liceret-Proinde
835 595 967 660 Trident.
980 603 1086 678 utpote
1102 596 1161 676 juri
1217 593 1218 634 l

192 683 347 746 communi
359 683 507 768 derogans
520 691 565 746 est
578 685 678 747 stricte
691 684 959 767 interpretandum.

230 775 319 835 6021.
335 777 421 837 --9ο
442 775 581 856 Episcopi
608 793 670 836 non
694 772 806 837 habent
832 773 1008 856 predictam
1034 793 1163 856 suspen-

190 858 281 924 dendi
293 861 463 926 facultatem
477 864 533 926 nisi
548 863 712 945 procedant
725 863 756 925 in
770 863 895 926 clericos
907 871 1051 946 tanquam
1065 863 1164 926 delin-

191 959 334 1032 quentes:
349 953 429 1015 unde
439 973 467 1015 v.
479 973 523 1034 g.‚
535 953 559 1014 si
574 953 604 1014 in
619 952 844 1036 eosprooedant
857 959 1002 1036 tanquam
1015 953 1046 1014 in
1056 953 1164 1015 minus

190 1040 315 1104 idoneos
329 1048 359 1103 et
373 1043 530 1124 incapaces
549 1044 633 1121 juxta
651 1041 876 1123 dispositionem
892 1041 1007 1104 Concil.
1021 1041 1163 1104 ibidem.

192 1127 277 1209 (sess.
293 1135 346 1208 ld,
362 1151 389 1194 c.
405 1135 443 1204 3,
457 1131 575 1214 dares.)
591 1131 629 1194 de
642 1130 761 1193 illorum
776 1131 924 1192 sententit
939 1137 1035 1212 potest
1054 1131 1165 1213 appel-

191 1217 260 1295 lari,
276 1219 319 1282 sic
334 1220 471 1284 decisum
489 1220 544 1284 luit
567 1223 583 1282 t
598 1223 629 1284 S.
651 1222 683 1283 C.
704 1221 796 1282 Cone.
814 1223 852 1282 lo
866 1219 936 1282 maii
964 1223 1040 1282 1625
1066 1217 1164 1302 (apud

190 1304 287 1370 Bouix
299 1357 307 1382 ‚
321 1309 365 1372 De
378 1309 490 1388 lodic,
505 1317 579 1372 tom.
595 1313 634 1387 Ξ,
649 1329 680 1391 p.
693 1309 777 1392 sta).

231 1403 320 1463 6022.
339 1401 442 1463 -100
463 1401 611 1462 Poteslate
632 1397 833 1480 suspendendi
851 1416 889 1460 ex
910 1396 1074 1462 informate
1094 1419 1166 1464 con-

191 1488 365 1552 scientiduti
374 1507 435 1552 non
445 1489 555 1551 debent
569 1487 707 1570 Episcopi
721 1493 804 1550 extra
818 1503 921 1550 casum
936 1487 1034 1550 delicti
1048 1492 1165 1554 occulti

191 1577 313 1659 quando
327 1579 471 1641 motivum
484 1577 634 1641 sufficiens
655 1595 716 1639 non
734 1575 876 1638 habente
893 1575 991 1640 sormd
1014 1585 1166 1644 consueti

190 1667 351 1730 recedendi
368 1687 376 1730 t
392 1668 422 1730 id
438 1667 545 1731 deduci
562 1672 659 1750 potest
671 1685 709 1728 ex
720 1666 850 1747 ipsomet
862 1663 1097 1744 cridentsess.
1110 1675 1164 1746 24,

190 1777 257 1840 cap.
273 1761 310 1836 5,
325 1757 377 1820 ubi
395 1759 554 1820 innovatur
569 1757 692 1819 Constit.
714 1754 881 1817 Innocentii
903 1755 943 1816 lll
964 1773 1033 1836 quoe
1054 1757 1167 1842 incipit

192 1846 329 1924 Qualiter
342 1856 372 1910 et
384 1846 497 1930 quondo
511 1847 542 1908 in
556 1847 618 1927 qua
634 1843 836 1908 excluduntur
849 1845 1005 1906 sententiae
1018 1863 1054 1907 er
1071 1847 1168 1910 inler-

190 1939 272 2001 matt
284 1938 468 2002 conscientie
483 1943 512 2000 et
526 1934 761 2018 praescribuntur
775 1932 880 1995 formae
890 1933 920 1994 in
927 1933 1048 2013 judiciis
1059 1935 1167 2000 obser·

190 2029 251 2091 vari
274 2029 378 2092 solitae.
402 2031 445 2091 lta
468 2025 563 2089 Bouix
582 2021 701 2106 (ibidem
716 2069 726 2102 ,
744 2042 776 2104 p.
796 2025 952 2102 sta-sao).
973 2023 1048 2086 Vide
1068 2027 1166 2090 etism

191 2118 306 2181 Bened.
323 2121 387 2182 XlV
404 2115 461 2199 (Be
477 2115 568 2197 Syn„
590 2113 642 2175 lib.
669 2115 718 2190 la,
739 2130 806 2194 cap.
825 2115 863 2189 8,
885 2121 921 2172 n⁰
933 2112 983 2194 2);
1003 2115 1165 2198 Stremler,

190 2209 249 2271 Des
257 2209 358 2290 petros
371 2206 481 2282 eccles,
497 2225 527 2286 p.
540 2207 599 2266 316
611 2250 618 2280 ,
634 2208 692 2264 etc.

230 2301 319 2358 6023.
338 2299 383 2356 bn
398 2304 498 2357 autern
519 2311 591 2354 casu
604 2310 665 2373 quo
678 2291 780 2353 valens
793 2289 935 2353 adhibere
954 2289 1068 2354 formas
1079 2295 1165 2373 Judi·

190 2386 229 2448 cii
244 2383 398 2462 ordinarii,
413 2384 579 2466 Episcopus
593 2379 728 2464 procedit
740 2399 778 2442 ex
791 2379 951 2442 informate
964 2381 1165 2462 conscientie,
1220 2415 1222 2454 r

190 2475 286 2537 valida
300 2474 337 2536 sit
357 2473 451 2556 ipsius
464 2471 609 2535 sententia
626 2469 696 2532 licet
713 2467 832 2544 illicita,
849 2485 911 2530 non
931 2469 1046 2551 liquet,
1061 2471 1166 2553 inquit
1220 2463 1222 2578 l

191 2565 335 2626 Stremler
348 2563 414 2642 (ila,
430 2583 461 2645 p.
477 2563 550 2642 319)
565 2559 617 2642 qui
631 2565 731 2620 tamen
745 2557 977 2638 probabiliorem
992 2557 1166 2623 habetsen-

190 2655 315 2715 tentiem
329 2651 543 2728 affirmantem,
559 2655 589 2713 et
602 2647 688 2711 affert
709 2647 741 2708 in
761 2645 971 2728 probationem
993 2646 1166 2713 decisiones

191 2745 222 2804 S.
239 2745 348 2822 congr.
365 2743 456 2804 donc.
473 2747 651 2823 quaetamen
662 2735 1166 2804 nonsuntomniudconvincentes

200 2831 254 2906 to,
294 2834 467 2893 dab-³22.

188 2831 200 2911 (
230 2851 319 2982 6034.
334 2953 373 2964 —
387 2923 438 2980 w
448 2830 518 2980 ’Non
532 2917 648 2980 videtur
663 2911 745 2999 quod
768 2914 925 2996 suspensio
943 2931 980 2978 ex
1001 2916 1162 2981 informate

190 3009 374 3073 conscientia
386 3009 481 3090 privet
495 3009 511 3068 b
526 3006 669 3069 fructibus
678 3004 828 3080 beneficii,
839 3003 910 3065 cbm
920 3004 1089 3068 Concilium
1098 3025 1164 3070 non

191 3100 330 3180 loquetur
341 3097 379 3160 de
393 3095 558 3160 beneficiis.
573 3098 617 3157 lta
630 3095 724 3157 Bouix
736 3093 800 3172 (lb,
811 3095 1014 3174 p.35r-359);
1031 3095 1165 3158 Ferraris
1220 3095 1222 3166 l

192 3190 230 3270 (vl
243 3188 415 3268 Sospensr'o,
431 3191 487 3248 art.
505 3189 519 3248 l
535 3231 542 3260 ‚
558 3183 599 3246 nl·
613 3183 737 3264 ll-25);
751 3180 959 3247 Proelactiones
976 3183 1012 3244 S.
1034 3183 1165 3265 Sulpr'tr'r'

192 3280 236 3356 (n⁰
249 3280 340 3352 655);
358 3275 501 3338 Stremler
515 3271 809 3355 (desponsatores.
824 3290 855 3352 p.
872 3269 956 3353 313).
972 3274 1102 3334 Tenetur
1112 3279 1160 3332 ta·

192 3383 262 3427 men
273 3365 483 3429 beneficiarius
496 3364 539 3426 sic
554 3379 719 3443 suspensus
735 3360 797 3422 suis
810 3357 982 3440 sumptibus
995 3368 1160 3423 sustentare

193 3453 278 3514 illurn
292 3455 344 3534 qui
358 3454 390 3516 in
404 3471 459 3515 suo
473 3451 571 3515 officio
584 3449 783 3513 substituitur.

235 3545 284 3599 12⁰
302 3543 390 3603 Juxta
410 3539 553 3604 Stremler
573 3539 642 3618 (Des
655 3543 754 3620 peines
772 3536 1020 3620 ecettdrsnpaes,
1041 3559 1072 3620 p.
1089 3539 1160 3616 327)

194 3625 359 3707 Episcopus
372 3630 571 3710 perseipsum
585 3628 683 3688 solum
697 3625 880 3706 suspendere
894 3631 992 3708 polest
1010 3646 1049 3689 ea
1065 3625 1173 3708 inson-

194 3712 273 3772 mctt
286 3713 479 3794 mmctentr'd,
495 3715 532 3777 ed
546 3713 628 3798 quod
640 3711 774 3777 niuem.
790 3711 906 3776 desolo
920 3713 1046 3779 Praelato
1060 3713 1162 3796 tequa-
