2462 3984
179 231 235 294 too
395 245 534 292 nanuum
553 247 653 292 rorrrs
674 247 755 292 rums
777 245 924 292 curamur.

178 360 310 406 cessores
324 359 395 404 suos
411 341 452 404 ita
464 346 591 424 possunt
612 339 703 422 ligare
718 340 858 422 Episcopi
880 345 914 403 ut
933 339 1066 422 anapliirs
1092 357 1163 402 non

179 432 293 494 valeant
307 431 345 493 ad
359 436 466 496 nutum
480 447 618 492 revocare
627 449 704 512 quos
717 429 810 493 semei
825 429 1027 494 instituerunt.

217 523 306 584 6666.
321 525 401 582 -6
415 521 562 583 Caeterum
581 519 756 600 regulariter
770 525 799 581 et
817 519 874 582 nisi
888 519 985 582 obstet
1000 519 1165 583 contraria

178 609 364 674 consuetudo
374 609 418 672 rel
430 609 599 692 Superioris
613 608 785 691 prohibitio,
796 607 834 670 ad
844 607 1009 690 quemlibet
1015 606 1165 690 judicem

180 700 307 782 pertinet
324 699 381 761 sibi
403 697 590 762 consiliarios
610 703 640 760 et
662 699 835 761 assessores
846 714 1016 776 assumere,
1035 696 1106 760 imd
1132 704 1167 760 ct

179 788 244 852 laici
259 793 384 870 possunt
398 785 484 869 eligi,
504 786 595 850 modd
609 785 667 849 illis
684 804 746 849 non
758 785 907 850 tribuatur
926 785 1094 868 spiritualis
1112 786 1168 866 ju·

180 877 321 940 risdictio.
336 880 380 940 lta
393 875 605 940 communiter.
628 876 770 940 Recusari
790 883 892 940 autom
906 881 1032 960 possunt
1048 878 1166 939 Asscs-

180 977 262 1030 sores
275 973 419 1049 tanquam
429 965 569 1049 suspecti,
586 983 643 1029 nec
651 965 814 1048 requiritur
823 971 856 1030 ut
865 967 926 1028 sint
937 965 970 1027 in
981 965 1051 1046 iure
1065 983 1168 1028 cano-

181 1057 248 1120 nico
263 1056 397 1120 laureati.
421 1055 497 1118 Vida
515 1055 611 1118 Bouix
632 1055 688 1136 (De
707 1053 819 1135 dudio,
842 1062 916 1119 tom.
939 1057 973 1134 l,
997 1073 1029 1137 p.
1049 1058 1117 1120 468
1134 1063 1170 1118 et

219 1239 310 1298 5766.
323 1268 365 1282 -
377 1237 410 1298 a·
424 1233 588 1297 assessoris
601 1233 734 1298 officium
748 1240 839 1299 estut
852 1234 985 1318 invigilet
998 1234 1036 1298 ad
1048 1235 1170 1298 verita·

182 1329 241 1386 tem
255 1323 471 1405 indagandam,
483 1329 513 1386 et
526 1323 599 1406 quid
611 1325 686 1403 juris
700 1325 737 1386 sit
748 1323 882 1405 judicem
897 1329 1029 1389 moneat.
1050 1347 1069 1384 c
1078 1325 1169 1388 Hinc

182 1435 196 1472 o
218 1412 263 1490 iit,
278 1413 376 1494 inquit
393 1412 577 1494 Pellegrinus
592 1413 683 1494 (apud
703 1413 810 1490 Bonis,
834 1413 890 1491 iia,
912 1434 943 1496 p.
967 1417 1048 1492 tou),
1073 1415 1166 1496 quod

181 1524 196 1560 o
221 1509 380 1584 postquam
393 1501 586 1584 judex-illum
606 1503 746 1584 elegerit,
762 1509 792 1565 et
805 1502 869 1586 ipsa
887 1503 1097 1586 acceptaverit,
1114 1512 1167 1566 tc-

181 1612 196 1649 »
222 1596 311 1652 netur
333 1590 371 1654 de
395 1591 538 1671 injustitia
555 1589 679 1672 judicis,
704 1591 761 1654 nisi
776 1592 1068 1674 protestationemin
1084 1594 1168 1656 actis

182 1701 196 1738 a
222 1680 334 1742 iecerit.
350 1702 365 1740 u
382 1681 456 1742 item
466 1681 625 1762 diligenter
638 1681 727 1744 debet
740 1681 931 1744 considerare
944 1681 1040 1744 edicta
1056 1683 1167 1745 atalia

182 1789 249 1852 quae
264 1770 393 1850 ajudice
401 1770 647 1852 promulgantur,
662 1789 700 1832 an
712 1769 841 1852 juridica
855 1769 986 1849 fuerint,
1002 1777 1032 1832 et
1044 1771 1072 1833 si
1086 1789 1169 1834 con-

182 1866 226 1920 tra
246 1859 291 1922 vol
305 1865 413 1942 praetcr
424 1862 474 1937 jus
487 1877 553 1923 essa
570 1861 753 1942 cognoverit.
770 1878 875 1923 cavero
888 1860 977 1924 debet
992 1879 1031 1924 nc
1051 1860 1168 1944 publi·

181 1954 299 2029 centur,
314 1955 371 2013 etc.
387 1949 494 2030 (itia).

593 2111 676 2173 ΛΒΤ,
699 2111 746 2175 lll.

360 2263 399 2310 DE
419 2262 593 2310 PROMOTORE
614 2265 649 2309 ET
670 2265 819 2312 invocaro
840 2265 963 2313 risuum.

221 2411 310 2472 6767.
327 2439 366 2455 -
379 2407 403 2468 Ι.
425 2406 483 2468 Per
496 2405 617 2468 Viscum
631 2404 680 2468 hio
694 2405 903 2488 intelliguntur
917 2423 964 2469 res
975 2409 1007 2468 et
1017 2405 1088 2486 jura
1101 2425 1165 2490 pue

182 2497 294 2561 blioum
303 2495 444 2560 Ecclesiae
455 2495 570 2558 bonum
580 2501 610 2557 et
621 2495 764 2558 interesse
772 2494 978 2577 respicientia:
993 2495 1042 2558 cui
1052 2503 1166 2560 autem

181 2587 328 2651 incumbit
342 2604 454 2649 munus
473 2583 645 2664 huiusmodi
666 2582 729 2646 fisci
747 2585 815 2664 jura
833 2583 935 2646 tuendi
954 2587 1006 2647 aut
1028 2603 1164 2668 promo·
1229 2582 1230 2607 ³

181 2676 287 2753 vendi,
309 2681 431 2738 vocatur
453 2673 605 2736 Promotor
618 2672 729 2750 fiscalis
748 2691 802 2737 seu
821 2677 1002 2759 Procurator
1024 2671 1163 2756 fiscalis,

182 2763 227 2827 rel
241 2765 330 2825 etiam
344 2762 517 2844 simpliciter
530 2761 638 2846 fiscalis
651 2768 681 2824 et
694 2762 876 2844 quandoque
885 2761 1052 2826 Pruaotor.
1067 2765 1164 2829 Unda

181 2851 388 2916 rcctddeiiniri
400 2857 497 2933 potest
512 2869 519 2912 :
532 2849 662 2933 lepitimd
674 2851 847 2913 constitutus
860 2850 975 2934 atjoro
987 2851 1056 2935 fisci
1063 2853 1164 2918 eccla·

181 2940 296 3002 atuatici
309 2947 426 3003 tueatur
439 2941 545 3020 atejus
559 2939 618 3002 loco
632 2937 784 3021 injudicio
796 2947 867 3023 apat
878 2937 907 3002 ct
921 2939 1105 3024 respondeat.

220 3034 310 3093 5768.
334 3030 453 3102 Ouaerit.
478 3035 508 3092 Ρ
524 3033 548 3091 Α
562 3047 623 3112 quo
641 3036 671 3091 ct
684 3027 837 3111 quomodo
856 3031 1014 3093 Promotor
1029 3029 1162 3098 Fisoalia

182 3119 218 3183 sit
231 3119 479 3182 constituendus?

221 3211 310 3290 Resp.
326 3210 411 3270 Certe
425 3209 563 3272 constitui
581 3227 669 3291 posse
682 3209 720 3271 ab
731 3209 896 3292 Episcopo,
916 3217 946 3276 ct
958 3213 1012 3294 qui
1026 3211 1072 3277 sic
1084 3229 1159 3276 con-

181 3299 300 3362 stitutus
310 3305 354 3361 est
367 3317 438 3361 cum
451 3298 557 3360 salario
572 3317 633 3361 non
648 3301 770 3380 potesta
784 3297 899 3364 Vicario
908 3301 1047 3365 Generali
1056 3321 1157 3366 remu

181 3389 253 3449 vari.
272 3390 319 3449 An
333 3393 434 3452 autem
450 3406 522 3450 casu
531 3387 701 3468 quonullus
711 3389 867 3452 Promotor
880 3390 937 3454 fuit
949 3389 987 3454 ab
1001 3391 1156 3474 Episcopo

181 3473 351 3554 institutus,
366 3477 411 3540 vel
424 3493 485 3557 quo
499 3475 636 3558 impediri
651 3477 799 3560 contingit
813 3477 898 3543 illum
912 3479 964 3562 qui
978 3499 1016 3544 ex
1030 3481 1155 3562 deputa·

182 3563 264 3624 tione
285 3563 423 3646 Episcopi
436 3565 495 3628 hoc
514 3564 612 3627 officio
627 3564 777 3646 iungitur,
792 3569 886 3650 possit
904 3569 1041 3633 Vicarius
1053 3572 1154 3636 Gena-

181 3649 250 3710 ralis
264 3657 315 3711 aut
334 3651 425 3728 judex
440 3653 478 3712 ab
497 3653 647 3736 Episcopo
660 3653 814 3736 delegatus
833 3659 1041 3722 Promotorem
1054 3658 1152 3740 depu-
