2504 3990
227 215 272 265 430
441 215 499 268 cett
926 223 985 278 Clill
1245 243 1246 320 p

227 329 327 388 queant,
341 323 411 382 6386,
425 321 495 374 6388.
506 323 543 374 ln
555 323 582 374 8.
596 323 708 377 Pontifex
728 333 844 374 censuras
856 323 1000 388 indigentis,
1013 325 1083 376 6414.
1096 327 1130 378 An
1140 343 1197 378 cen·
1245 321 1246 386 i

226 403 303 466 possit
320 401 431 454 censuris
447 403 534 470 ligari3
548 419 578 455 an
597 411 622 456 et
640 422 704 472 qua·
727 419 783 453 sura
796 403 886 456 debeat
903 405 961 458 ierri
973 406 998 456 in
1018 405 1114 472 scriptis
1129 414 1150 458 et
1168 423 1196 458 aa
1245 395 1246 462 i

227 489 299 536 bnus
315 485 427 552 Episcopi
447 486 555 553 ligentur
567 489 702 538 censui-isi
727 485 803 551 ipsius
817 502 890 538 causa
903 487 935 538 sit
953 488 1119 554 exprimenda,
1131 490 1194 539 6444.
1245 479 1246 540 i

224 565 279 631 jure
306 569 452 631 cornmuni,
474 569 544 621 6884.
568 571 605 620 bn
624 569 703 636 Reges
727 569 792 627 Quas
804 585 890 635 poeoas
905 569 1015 621 incurrat
1033 571 1196 628 omittensbas
1245 543 1246 628 i

225 652 250 696 et
262 647 361 712 Regina
386 649 480 714 possint
502 665 546 717 per
568 651 703 718 Episcopos
726 649 896 712 formalitates,
906 651 976 702 6418.
991 651 1140 712 Quibusnam
1151 653 1195 703 dis
1245 635 1246 714 i

225 729 335 780 censuris
354 729 433 795 ligari,
451 730 521 784 6885.
533 733 570 782 An
589 733 703 800 Episcopi
726 731 1194 785 buslerriualeantsentcntiascemursa
1245 715 1246 796 i

225 810 319 874 possint
330 812 393 863 ferre
405 813 560 864 censuresin
573 815 702 880 religiosos
725 813 878 880 indigentes,
902 815 972 867 6449.
996 816 1032 867 bo
1064 815 1194 868 denuntiari

225 897 358 958 exemptos,
373 893 443 944 6386.
456 896 492 944 bn
510 893 534 943 in
548 895 699 960 peregrinos,
725 895 813 946 debeat
838 897 881 963 qui
909 899 1057 950 sententiam
1086 900 1194 958 incurrit,
1245 885 1246 976 i

224 973 292 1025 teet.
306 977 341 1026 Aa
354 982 379 1026 et
389 983 510 1042 quatenus
523 979 661 1043 requiratur
670 981 700 1029 ad
724 976 793 1027 6460.
806 979 842 1028 bn
851 978 883 1028 sit
894 979 976 1029 statim
987 977 1196 1045 absolvendusqui

224 1057 382 1109 incurrendae
394 1075 509 1110 censuras
521 1061 587 1126 quaid
597 1077 699 1126 persona
724 1057 916 1110 satisfactionem
927 1059 1006 1120 offert,
1016 1059 1086 1110 atae.
1096 1062 1129 1110 bn
1138 1076 1197 1111 een·

222 1140 254 1190 sil
272 1141 442 1202 determinata,
463 1141 532 1192 0388.
547 1143 581 1192 bn
600 1143 780 1239 adrenaepsura
805 1139 883 1205 possit
901 1140 958 1192 ierri
981 1142 1027 1192 sub
1049 1143 1196 1200 conditione,

222 1237 339 1272 censuras
355 1222 490 1282 incurrant,
504 1223 699 1274 8389-639Mn
723 1219 792 1270 6464.
817 1221 850 1271 lie
879 1219 960 1272 causis
990 1223 1163 1274 excusantibus
1185 1226 1197 1272 a

223 1301 311 1368 ligatus
324 1303 372 1352 und
391 1302 494 1352 censura
508 1302 584 1367 possit
601 1304 654 1354 aliis
667 1304 700 1354 li·
723 1317 881 1352 censurarum
892 1302 1072 1366 observatione,
1085 1305 1145 1356 etio
1164 1308 1198 1355 An

221 1383 281 1448 gari,
296 1383 365 1434 6393,
379 1383 415 1434 06
434 1397 506 1448 quam
526 1397 625 1433 calisam
642 1385 824 1434 ferrteensura
844 1383 985 1434 incurratur
999 1384 1023 1435 in
1043 1384 1118 1435 dubio
1135 1385 1199 1435 circa

222 1469 316 1528 possint
329 1479 447 1524 censuras,
456 1463 526 1514 6304.
536 1466 573 1514 An
584 1463 699 1530 ignorari·
710 1441 712 1490 7
722 1462 787 1512 illius
798 1463 950 1514 existentiam
960 1470 984 1514 et
996 1463 1055 1530 quid
1064 1463 1084 1514 si
1097 1481 1199 1516 censura

221 1546 253 1595 tia
273 1553 374 1596 excuset
392 1545 405 1596 ὲ
425 1547 528 1596 censura
545 1546 593 1596 late
613 1553 697 1597 contra
709 1597 711 1612 A
722 1542 815 1592 iuratur
830 1550 913 1594 centra
928 1547 1070 1596 temerarios
1081 1545 1117 1596 rel
1129 1561 1201 1610 prae-

220 1629 321 1680 reteatar
333 1627 424 1678 crimen
438 1633 570 1693 patrantes,
582 1631 697 1680 causan
709 1625 850 1685 {sicutenim
871 1625 940 1676 6464-
959 1625 1119 1685 ditandorum
1140 1644 1201 1678 ren·

220 1717 244 1762 et
261 1715 383 1776 quatenus
400 1725 510 1760 censuras
525 1709 632 1760 debeant
644 1681 1201 1773 θςεθ]5104854114ηυί1ωῶΙῖοΜ4000441100

219 1789 297 1855 eulpae
315 1789 514 1856 proportionata,
536 1789 604 1840 6304.
623 1789 697 1849 errc-
720 1803 829 1838 censurae
848 1788 921 1838 nullae
934 1789 1070 1854 producant
1083 1789 1203 1841 enectum

219 1887 274 1921 narn
303 1876 420 1922 excusent
447 1870 460 1920 ai
488 1870 555 1936 pravi
583 1873 695 1932 uerisrnai,
720 1875 744 1918 et
770 1884 843 1935 quem
872 1869 1027 1934 producant,
1059 1871 1130 1920 6430.
1165 1873 1204 1922 Au

218 1953 288 2005 6398.
301 1953 387 2012 Utrum
400 1953 459 2018 liget
472 1967 573 2002 censura
582 1952 606 2002 in
621 1953 696 2004 dubie
707 1922 751 1998 isis
763 1950 881 2016 obligatio
899 1951 1010 2002 seruandi
1023 1967 1156 2004 censuram
1177 1956 1204 2005 ia

217 2050 247 2084 an
257 2033 357 2085 materia
373 2032 405 2084 sit
421 2031 554 2094 sufficiens,
573 2033 642 2084 0300.
660 2035 695 2084 An
719 2030 795 2082 dubio
807 2047 838 2082 an
850 2032 882 2082 sit
898 2032 1012 2094 incursa,
1026 2033 1063 2084 rel
1083 2033 1108 2084 in
1122 2035 1204 2088 dubio

217 2121 365 2182 praeceptum
389 2113 483 2179 obliget
505 2113 551 2164 sub
576 2115 643 2179 graui
665 2118 694 2166 ed
718 2127 749 2162 au
766 2113 798 2163 sit
807 2113 883 2179 justa,
900 2115 970 2166 etet.
982 2116 1019 2165 Au
1036 2120 1061 2166 et
1075 2122 1206 2182 quatenus

217 2195 343 2264 ipsbqubd
352 2193 496 2246 seratursub
505 2195 691 2255 censurallltllt.
718 2196 848 2260 appellatio
859 2201 959 2247 excuset
969 2195 1113 2256 dcensuris‚
1129 2199 1205 2258 utta,

215 2281 251 2330 bn
265 2292 366 2330 censura
379 2275 455 2340 possit
468 2275 524 2326 serri
537 2291 580 2342 pro
593 2285 693 2342 peccate
705 2250 786 2328 ἵ6403.
807 2277 923 2336 Quaenam
941 2292 1019 2343 poenae
1038 2275 1207 2330 incurrantur

216 2361 322 2420 interno,
337 2358 404 2408 6401.
419 2358 455 2407 bn
467 2363 492 2408 et
503 2363 624 2422 quatenus
635 2373 694 2424 pec·
716 2374 759 2424 per
771 2358 927 2409 violationem
942 2373 1112 2417 censurarum,
1128 2362 1205 2412 6404.

216 2451 296 2496 catum
310 2442 399 2493 debeat
418 2455 472 2492 esse
484 2445 691 2498 consummatum,
716 2439 846 2498 Quomodo
859 2445 955 2490 cessent
965 2444 1207 2492 censuraenondurn

215 2525 284 2574 6406.
302 2525 338 2574 lin
358 2521 445 2573 debeat
462 2536 516 2572 esse
532 2521 692 2586 conjunctum
715 2520 828 2582 incursae,
842 2521 911 2573 et35.
930 2523 965 2572 nn
979 2521 1044 2572 idem
1064 2521 1097 2572 sit
1111 2523 1210 2574 dicen·

215 2621 270 2658 cum
290 2605 453 2664 contumacia,
473 2603 542 2654 6403.
564 2604 600 2654 bn
620 2619 692 2652 man-
703 2574 705 2685 ἶ
716 2600 773 2650 dum
787 2601 817 2651 de
827 2600 937 2652 cerrsuris
949 2601 1115 2661 vindicativis,
1129 2604 1207 2654 0434.

215 2687 275 2737 dans
288 2693 329 2737 aut
343 2686 475 2736 consulens
487 2685 693 2736 incurratcensu·
714 2683 733 2732 Α
753 2699 803 2748 quo
823 2698 933 2734 censurae
957 2683 1063 2734 debeant
1084 2684 1206 2744 absolui,

215 2782 275 2827 ram,
293 2767 314 2818 si
333 2771 389 2817 ante
405 2765 574 2817 executionem
595 2773 693 2816 revocet
703 2754 705 2844 ζ
714 2764 776 2816 6438
786 2782 791 2814 :
802 2764 858 2816 vide
869 2766 1010 2816 basetuuto.
1019 2765 1208 2830 -Suspeusio

215 2846 355 2896 mandalum
369 2845 558 2907 autconsilium,
573 2847 642 2897 0504.
656 2849 740 2897 bn'et
766 2846 922 2897 interdictum
946 2846 970 2897 in
995 2847 1098 2898 modum
1126 2864 1208 2900 meras

215 2927 244 2976 td
256 2940 384 2977 censuram
404 2925 542 2990 requiratur
559 2931 586 2974 ut
603 2941 692 2991 peeca-
702 2897 705 2956 i
714 2942 793 2992 poene
802 2926 851 2976 lata
861 2931 958 2978 cessant
971 2941 1020 2977 non
1039 2942 1083 2992 per
1095 2927 1208 2980 absolu·

214 3011 265 3057 tum
275 3005 306 3056 sit
318 3003 452 3070 proprium,
462 3004 530 3053 6405.
543 3005 580 3054 bn
592 3012 615 3056 et
628 3022 691 3072 qua·
715 3009 806 3060 tionem
832 3009 874 3060 sed
899 3024 941 3074 per
965 3009 1186 3075 dispensationem
1199 3055 1205 3072 ,

212 3095 286 3140 tenus
295 3087 430 3154 Episcopus
440 3085 517 3151 possit
529 3086 592 3137 serre
605 3103 691 3139 censu·
713 3089 783 3140 bth.
797 3091 830 3140 tte
847 3089 957 3142 censuris
973 3089 999 3139 in
1015 3090 1109 3155 specie,
1128 3092 1205 3142 otei.

213 3187 251 3221 ras
270 3185 313 3236 pro
333 3167 434 3218 erimine
450 3167 547 3230 iuturo,
565 3168 634 3220 6405.
654 3172 690 3220 bn
744 3171 865 3224 cessauit.
878 3199 909 3210 -—
920 3172 947 3223 S.
962 3171 1075 3222 Pontifex
1088 3178 1133 3224 est
1146 3187 1206 3223 cen·
1245 3157 1246 3210 l

213 3267 256 3318 pro
269 3255 369 3317 peccato
389 3248 455 3298 merd
473 3249 605 3314 praeterito,
620 3251 688 3302 6406.
713 3257 777 3302 trum
807 3253 988 3304 communionis
1017 3253 1205 3306 ecclesiastiea

212 3333 327 3392 Quianam
352 3329 512 3381 formalitates
535 3331 691 3396 requirantur
713 3333 886 3395 necessarium,
901 3331 955 3385 684.

212 3416 237 3463 in
256 3413 362 3462 ferendis
381 3413 500 3474 censuris,
519 3411 588 3464 0408.
608 3415 644 3464 An
666 3423 690 3466 et
744 3414 845 3465 Census.
858 3415 935 3465 -bd
955 3429 1017 3480 quos
1030 3429 1096 3466 cerci
1118 3417 1203 3484 perti·

212 3498 332 3558 quatenus
357 3493 495 3558 requiratur
518 3493 620 3544 monitio
638 3495 688 3557 rei,
713 3499 787 3542 neunt
798 3493 823 3544 in
836 3493 996 3556 funeralibus,
1018 3495 1091 3552 ttae.
1108 3497 1201 3548 1432:

213 3571 284 3632 8400,
301 3580 364 3624 ete:
386 3574 608 3625 0666100040-
625 3575 688 3633 Quid
712 3573 767 3625 ride
779 3574 953 3626 lunen-an
970 3591 1056 3628 cereus
1074 3577 1110 3628 sit
1124 3577 1203 3628 adbi-

215 3653 547 3718 rcquiraturadraliditatem
561 3656 688 3707 sententia
712 3655 806 3707 bandus
827 3657 852 3706 in
872 3657 1096 3723 benedictionibus,
1124 3661 1197 3712 4484.
