2526 3988
485 243 570 288 emen
590 243 723 287 erarius.
1043 226 1078 284 at

104 365 120 401 r
146 361 208 404 non
220 363 228 404 :
241 362 268 404 sr
279 343 382 424 pratis,
393 339 558 404 absurdum
568 357 634 401 esse
647 356 754 400 eorum
768 338 910 400 timorem
924 337 1081 415 fateantur,

104 452 120 489 ι
145 433 217 494 eum
230 448 390 514 nunquam
400 429 535 493 accidere
543 428 637 510 possit
652 434 684 489 ut
697 426 830 490 Ecclesia
839 425 921 507 quod
936 425 1083 509 adipsum

103 541 119 580 r
146 539 210 582 non
224 521 375 602 pertinet,
396 519 442 582 vel
462 536 552 581 suum
566 515 710 594 deliniat,
733 515 780 579 vel
801 514 885 598 praxi
899 524 1037 598 usurpet;
1058 515 1083 579 si

103 632 119 671 ι
145 610 312 692 posterius,
327 609 469 672 desinant
481 625 546 670 sese
560 607 691 669 vocitare
704 604 886 670 catholicos:
900 607 917 668 t
931 605 990 670 lide
999 607 1082 670 enim

102 722 119 760 r
146 698 296 762 catholice
310 699 412 780 aperte
426 696 572 759 deliciunt
584 718 601 756 s
615 742 624 774 ‚
639 702 673 759 ut
686 695 788 759 videre
801 701 847 759 est
860 695 892 758 in
905 701 1031 759 undam
1044 696 1082 762 de

103 789 243 852 Ecclesia
256 788 338 871 apud
351 787 531 869 Theologos.

145 875 415 942 montecellum
427 873 1082 960 pn'acdpium.-Addietinpuendospropn'os

101 966 169 1050 scri
182 965 371 1030 ecclesiastici
380 975 410 1029 et
422 963 695 1040 succurreremus,
708 971 772 1026 tuta
782 966 885 1048 reputo
894 967 1082 1030 maldecreto

97 1057 262 1142 pontificia
283 1065 313 1120 et
338 1053 556 1133 Conditorem,
579 1072 647 1138 quc
671 1053 746 1126 dunc
764 1052 982 1120 distinctimcm
1004 1057 1084 1120 clcrd

102 1146 285 1228 muntiant,
302 1153 333 1209 et
346 1146 378 1208 in
390 1143 556 1235 pecoralem
569 1142 712 1206 Ecclesiae
724 1141 915 1228 discplinam
931 1165 980 1210 scu
993 1145 1082 1230 lepis·

103 1237 248 1300 lationem
259 1235 452 1298 transierunt.
468 1234 554 1297 Ratio
566 1237 658 1316 patet.

143 1330 239 1391 5509.
267 1325 398 1388 Tertium
413 1323 609 1408 principium.
623 1357 665 1371 -
677 1322 729 1388 Ad
738 1323 839 1406 sorum
860 1326 1082 1392 ecclesiasticum

102 1416 359 1499 emuoepertinent
371 1414 487 1498 quando
495 1433 603 1477 necesse
615 1421 658 1476 eet
668 1411 738 1476 illos
743 1413 1041 1496 juda'ce'eeclesr'uatico
1053 1427 1083 1483 et

102 1525 163 1568 non
172 1504 310 1568 surculari
322 1504 482 1585 subjacere,
497 1511 533 1566 ut
544 1501 679 1566 Ecclesia
688 1502 775 1585 ficem
784 1504 843 1567 eidi
850 1508 1019 1589 proprium,
1034 1529 1080 1571 aa·

105 1595 201 1656 tutem
219 1595 513 1677 nonamdecimam,
532 1592 735 1655 convenienter
750 1593 898 1678 attinuere
908 1597 1013 1678 pouit.
1029 1599 1083 1661 Ec

103 1683 199 1748 clesia
211 1683 295 1746 enim
310 1703 372 1747 non
387 1683 485 1767 potuit
500 1680 613 1744 institui
627 1681 646 1743 a
659 1681 775 1746 Christo
787 1692 908 1767 propter
921 1687 1082 1769 specialem

105 1773 222 1842 finem.
238 1773 409 1836 animarum
430 1789 541 1852 nempe
560 1771 702 1849 salutem,
718 1773 793 1853 quin
807 1772 897 1837 abeo
915 1774 1006 1838 luerit
1023 1775 1082 1838 ins-

105 1869 207 1925 tructa
220 1861 390 1924 necessarie
404 1867 548 1945 potestate
556 1860 634 1924 circa
648 1861 752 1924 omnia
760 1881 828 1944 quae
842 1862 881 1926 ad
895 1864 978 1928 hunc
989 1864 1082 1928 finem

106 1950 280 2014 conducere
317 1951 427 2014 valent.
460 1949 535 2013 Vide
566 1950 691 2030 insuper
720 1970 791 2032 quta
822 1952 956 2017 diximus
991 1973 1080 2038 supra

110 2043 195 2119 (698,
211 2043 282 2118 etc.)
301 2040 339 2103 de
353 2046 498 2123 potestate
511 2038 655 2104 Ecclesiae
673 2037 816 2104 circeres
828 2043 997 2124 spirituales
1009 2055 1084 2107 tem·

109 2129 263 2210 poralihus
276 2129 433 2192 admixtas.

149 2221 239 2282 tolo.
265 2219 408 2298 Quartum
427 2219 719 2302 principium-Ad
739 2220 837 2304 sorum
858 2221 1081 2286 ecclesiasticum

106 2328 204 2371 consec
214 2309 366 2387 pertinent
375 2308 488 2392 quando
500 2310 543 2371 sic
555 2311 748 2374 communiter
757 2311 858 2376 doceat
870 2312 1008 2377 catholici
1019 2313 1083 2377 doc-

107 2407 187 2460 tores
201 2415 214 2459 .·
228 2401 401 2461 communis
421 2399 504 2461 enim
520 2401 582 2462 DD.
605 2419 772 2465 consensus
789 2401 916 2466 habetur
929 2411 964 2468 ut
976 2403 1083 2469 firmus

105 2486 195 2549 locus
209 2487 406 2568 theologicus,
421 2495 455 2550 ut
463 2487 563 2551 videre
572 2491 658 2552 estin
668 2491 891 2572 prolegomenis
897 2492 1079 2574 Theologiae.

105 2577 195 2640 Ratio
210 2583 254 2639 est
268 2577 339 2656 quia
360 2577 533 2640 communis
554 2579 779 2662 'theologorum
795 2579 930 2645 doctrina
944 2582 1082 2646 habenda

105 2673 155 2730 est
168 2673 204 2729 ut
217 2665 344 2748 ipsamet
356 2667 497 2730 Ecclesiae
508 2667 653 2732 doctrina.

491 2891 492 2899 r
529 2849 610 2914 aar.
634 2849 668 2914 u.
744 2873 768 2890 w
877 2821 881 2830 '

300 2993 338 3040 nr
357 2993 460 3040 causis
479 2979 748 3042 srrnmummus'm
768 2961 891 3056 ennean.

150 3123 244 3185 5511.
266 3123 369 3186 Gausae
382 3121 551 3206 spirituales
565 3127 636 3183 sunt
649 3120 707 3182 illae
727 3139 857 3202 quarum
871 3124 1024 3206 objectum
1039 3138 1083 3190 est

107 3230 160 3275 res
187 3210 348 3293 spiritualis
366 3217 419 3274 aut
440 3209 585 3293 spirituali
603 3227 744 3287 annexa3
765 3212 960 3294 quandonam
981 3221 1083 3278 autem

108 3319 159 3363 res
173 3299 234 3362 sint
243 3293 410 3382 spirituales
421 3299 554 3361 diximus
567 3315 658 3380 supra
674 3299 758 3380 (263,
773 3305 845 3380 697,
860 3306 942 3382 οἱα).

151 3393 184 3452 t⁰
198 3389 321 3452 Certum
331 3398 376 3451 est
387 3405 494 3452 causas
506 3387 673 3474 spirituales
682 3386 720 3450 ad
733 3387 834 3452 sorum
848 3391 1083 3459 ecclesiasticum

108 3477 264 3544 exclusive
277 3485 307 3540 et
319 3479 441 3562 proprio
452 3478 521 3558 iure
541 3475 702 3558 pertinere.
718 3477 752 3540 ld
765 3485 931 3543 constater
945 3485 1084 3547 omnium

109 3573 175 3632 DD.
192 3585 362 3638 consensu,
379 3585 416 3632 ex
429 3563 489 3629 fine
503 3565 540 3628 ad
554 3584 646 3646 quem
661 3567 792 3629 Ecclesia
810 3568 865 3630 luit
879 3570 1031 3652 instituta,
1047 3593 1082 3636 ex

111 3659 198 3742 praxi
210 3663 240 3719 et
254 3657 402 3737 expressis
419 3654 646 3720 delinitionibus
665 3655 775 3736 ipsius;
796 3656 860 3720 haee
873 3667 941 3724 sunt
959 3662 1083 3734 ipsamet
