2452 3984
460 285 545 336 tram
566 285 697 336 ruallus.
1003 273 1062 338 eta

85 413 102 450 a
127 388 282 470 egelidum
294 391 368 462 erat,
384 385 456 448 hinc
470 403 524 466 par
535 385 662 448 modum
675 384 787 466 regulae
799 385 841 449 sic
850 391 992 450 statutum
1006 388 1063 452 luit

86 499 101 537 s
127 477 203 541 lecit
216 478 254 540 lV
273 479 312 538 68
323 475 379 555 jul.
401 478 504 537 4847.
496 493 504 509 ·
524 481 634 539 remoto
654 475 734 535 omni
752 493 869 552 errore,
893 477 1061 558 sortilepio,

85 589 102 626 a
127 565 273 650 explicitis
285 572 338 626 unt
351 563 499 646 implicito
508 562 645 625 doemonis
658 562 854 642 inuocatione,
869 583 937 626 usus
949 586 1065 648 moyne-

85 677 101 736 s
128 655 220 726 ticini,
233 673 333 736 nempe
341 671 437 714 merus
446 659 528 714 acme
538 650 697 714 adhibeam
709 651 806 714 medea
813 652 937 734 physico
947 655 1064 727 aliunde

86 743 233 822 a'ltcita,
247 763 304 804 nun
324 750 367 804 est
385 741 557 804 mortaliter
577 742 701 818 uetitus,
721 739 872 802 dummodo
890 761 946 804 non
965 745 1063 808 tendat

86 857 101 893 u
126 831 167 896 ud
178 833 266 914 finem
280 830 423 894 illicitum
440 839 494 892 aut
515 829 725 912 quomodolibet
740 849 880 912 prauum.
896 833 1064 914 Applicutio

86 946 101 982 n
126 931 226 984 autem
241 921 455 1003 principiorum
474 928 503 980 et
524 918 684 980 mediorum
704 917 781 1001 pure
798 919 1006 1002 physicorum,
1026 923 1066 984 od

85 1033 101 1071 c
128 1029 175 1073 res
184 1017 214 1072 et
222 1009 339 1092 effectus
349 1009 416 1072 ceri
424 1007 675 1090 supernaturales,
691 1016 725 1070 at
728 1008 852 1091 physici
865 1009 1063 1092 explicentur,
1099 1073 1104 1084 ἣ

85 1122 101 1160 u
126 1108 240 1182 nonest
252 1099 312 1161 uc'si
324 1097 452 1179 deceptio
465 1097 581 1158 omnino
596 1096 706 1159 illicito
720 1104 749 1159 et
761 1097 950 1161 ltoereticalia.

128 1211 144 1248 a
167 1191 360 1272 Quamquam
374 1187 432 1249 hoc
446 1183 578 1270 generali
592 1189 721 1249 Decreta
736 1187 807 1248 satis
820 1188 985 1270 explicetur
999 1190 1071 1254 lici·'

86 1277 335 1356 »tuduinusm
346 1274 659 1356 aliusuntugnctisml,
670 1275 1064 1352 tamenadeocrevithomi·
1139 1347 1146 1355 ,

86 1389 103 1428 o
130 1385 205 1429 num
225 1323 358 1442 malitid,
374 1364 575 1446 utueglecto
589 1364 670 1427 licito
684 1363 783 1428 studio
797 1365 1065 1471 scientiae,potii1s

86 1473 249 1518 curiosa
259 1461 406 1516 sectantes
409 1457 540 1535 magna
552 1472 622 1516 cum
632 1471 803 1516 ammarum
808 1447 968 1535 jactarit,¹
961 1457 1065 1538 ipsius·

86 1563 189 1626 aque
208 1543 302 1606 ciuilis
323 1542 471 1606 societatis
490 1541 692 1622 detrimento,
711 1542 856 1606 ariolandi
874 1543 1079 1609 divinandiva

86 1655 102 1692 o
130 1631 314 1716 principium
335 1624 493 1712 quoddam
512 1648 545 1692 se
572 1638 675 1694 nactos
694 1631 880 1712 glorientur,
906 1632 977 1697 hinc
993 1654 1064 1696 soen

87 1743 103 1780 s
129 1719 322 1782 numbuliami
334 1727 364 1780 et
376 1719 468 1783 eluree
481 1719 671 1796 introitionis,
686 1721 730 1782 uti
743 1727 851 1783 vocant
861 1723 1062 1805 ‚presagum

76 1807 103 1870 'c
130 1809 314 1873 mulierculae
329 1809 387 1872 illae
396 1805 673 1890 gesticulationibus
682 1825 745 1871 non
758 1827 877 1892 semper
888 1812 1065 1876 verecundis
1106 1857 1126 1870 ..

88 1899 282 1981 subreptae,
292 1916 325 1960 se
339 1897 497 1960 inuisibilia
511 1915 642 1979 quaeque
656 1899 830 1978 conspicere
850 1899 1014 1962 effutiunt·
1029 1921 1064 1964 ac
1150 1919 1154 1926 ·

88 1985 245 2050 o'tde
180 1991 245 2070 ipsa
265 1986 412 2068 religione
427 2002 583 2048 sermones
600 1985 775 2057 instituere,
791 1985 908 2048 animas
928 1994 1063 2052 mortuo-

89 2099 106 2137 a
130 2083 199 2140 tum
220 2094 343 2140 evocare
355 2091 523 2156 ,respousa
544 2073 698 2155 accipere,
720 2074 823 2156 ignota
844 2093 879 2136 ac
887 2069 1064 2158 longinqua

87 2157 290 2248 adelegem,
305 2165 423 2247 aliaque
442 2162 472 2226 id
486 2181 583 2260 genus
595 2162 800 2246 superstitiosa
813 2181 972 2237 exercere,
989 2185 1064 2228 ausu

86 2280 119 2316 a
130 2254 290 2318 temerario
303 2259 511 2335 praesumunt,
527 2251 673 2336 maguum
688 2258 836 2336 quaestum
847 2253 904 2316 sibi
917 2271 958 2316 ac
966 2249 1063 2318 domi·

86 2368 102 2405 u
131 2345 178 2406 nis
192 2344 255 2406 suis
268 2342 430 2405 divinando
440 2343 523 2404 certd
537 2348 756 2405 consecutura.
771 2344 804 2404 ln
814 2342 896 2405 hisce
908 2343 1062 2422 omnibus,

86 2457 103 2494 a
130 2437 324 2517 quecumque
345 2431 472 2494 demum
498 2437 621 2494 utantur
643 2437 706 2493 arte
732 2429 778 2494 vel
803 2431 963 2508 illusione,
991 2434 1063 2494 cum

86 2546 103 2584 a
130 2521 308 2584 ordinentur
330 2519 430 2583 media
455 2517 581 2601 physica
600 2517 639 2582 ad
661 2519 787 2581 effectus
809 2537 871 2580 non
892 2520 1062 2598 naturales,

86 2635 102 2672 a
129 2611 278 2693 reperitur
308 2608 446 2691 deceptio
473 2608 599 2670 omnino
630 2606 732 2669 illicita
760 2612 791 2669 et
815 2607 1011 2685 hereticalis,
1034 2616 1063 2670 et

85 2723 103 2762 r
129 2698 308 2764 scandalum
321 2706 426 2761 cantra
439 2697 627 2760 honestatem
642 2713 773 2759 morum.

127 2793 145 2852 's
162 2789 256 2890 Igitur
270 2787 308 2850 ad
321 2793 440 2850 tantum
453 2785 538 2850 nelos
551 2792 581 2847 et
589 2785 728 2866 religioni
742 2792 771 2848 et
784 2785 862 2850 civili
875 2785 1007 2850 societati
1019 2787 1063 2850 iu·

85 2903 103 2942 a
128 2878 326 2942 festissimum
344 2874 504 2940 efficaciter
521 2873 742 2954 cohibendum,
757 2875 881 2938 excitari
894 2877 986 2957 quam
1002 2895 1062 2939 ma

85 2993 102 3030 a
127 2967 209 3030 xime
236 2964 326 3028 debet
347 2961 503 3047 pastoralis
521 2963 691 3026 sollicitudo
704 2921 902 3046 ,digilantim
925 2983 961 3027 ac
982 2965 1061 3026 zelus

86 3081 102 3119 a
128 3057 351 3140 Episcopocum
373 3053 524 3117 omnium.
549 3053 774 3135 Quapropter...
798 3071 922 3117 omnem
946 3053 1062 3134 impen-

85 3146 201 3208 dant
214 3161 339 3227 operam
353 3142 391 3206 ad
404 3140 577 3223 hujusmodi
591 3141 703 3204 abusus
717 3141 925 3225 reprimendos
939 3147 969 3203 et
981 3141 1060 3202 evel-

86 3257 102 3296 a
126 3232 472 3312 leudos,utdonunrcus
482 3249 553 3312 grex
563 3227 1058 3307 defendaturabrmmrcohomme,

85 3347 102 3384 a
127 3322 298 3406 depositum
314 3320 384 3384 ndei
397 3325 511 3383 sartum
524 3324 698 3400 tectumque
711 3319 895 3382 custodiatur
914 3321 944 3380 et
957 3314 1060 3378 fideles

86 3433 103 3474 a
130 3411 186 3474 sibi
196 3410 299 3474 crediti
310 3412 328 3473 a
339 3427 460 3473 morum
474 3409 668 3489 corruptione
682 3413 912 3490 praeserventur.

127 3521 144 3560 a
161 3501 271 3563 Datum
285 3497 404 3562 Romae
396 3516 428 3561 m
441 3496 662 3561 Cancellarias.
674 3495 770 3558 Officii
780 3513 854 3578 ,ap.
865 3493 1053 3576 Vaticanum,

84 3589 294 3671 udiciaria.
311 3571 402 3651 4856.
417 3588 456 3650 V.
472 3586 560 3648 Card.
575 3585 702 3648 Macohi.
718 3606 735 3642 a
880 3638 881 3642 ,

125 3681 218 3744 6264.
233 3677 279 3738 Ex
291 3676 340 3740 his
356 3675 455 3758 colligi
474 3679 573 3759 potest
584 3675 657 3757 quid
675 3675 713 3736 sit
731 3670 923 3736 sentiendum
937 3672 976 3738 de
996 3693 1049 3736 ma
