2452 3984
412 239 498 287 unm
518 239 649 290 umarus.
966 226 1027 294 275

6 314 11 367 Ι
51 342 256 420 conpungunt
278 337 401 402 baeresis
422 339 468 401 vel
487 339 650 402 vehemens
668 339 800 423 suspicio
823 339 902 405 illius
918 359 927 405 ε
946 343 1029 426 quod

51 427 202 509 contingit
223 426 346 510 quando
360 427 453 491 initur
472 428 612 510 expresso
634 435 756 510 pactum
774 447 846 494 cum
868 429 1029 512 demone,

51 517 96 580 vel
112 515 237 599 quando
249 515 433 580 adhibentur
450 534 499 580 res
516 535 631 596 scere,
645 517 692 580 vel
709 516 847 582 diabolus
867 517 1029 601 adoratur,

51 613 104 668 aut
118 605 288 670 consulitur
307 607 346 670 de
363 605 400 670 iis
413 624 482 688 quse
498 605 562 689 ipse
580 623 764 688 cognoscere
783 607 906 692 nequit;
921 609 974 672 sed
992 609 1032 673 ed

52 694 113 767 hoc
127 695 291 778 requiritur
300 713 385 759 error
399 693 469 758 fidei
483 694 514 758 in
529 694 695 760 intellectu.
710 698 754 775 (S.
770 697 850 777 Lig,
866 694 924 778 tl.)

93 795 128 856 ³·
138 793 220 873 Magi
231 799 261 855 et
270 791 402 873 sortilegi
411 790 603 854 declarentur
616 790 744 854 infames
754 793 773 854 t
785 810 852 873 cap.
870 792 1032 856 Corutitur'·

53 885 159 960 mue,
171 899 261 944 causa
272 884 303 960 3,
316 901 348 963 q.
364 884 394 943 5.
408 879 623 962 Variispoenis,
633 880 724 942 etiam
736 879 943 964 depositionis,
955 881 1033 963 plec-

54 971 140 1034 tendi
155 977 225 1036 sunt
238 969 380 1052 Episcopi
397 969 608 1052 etpresbyteri
626 974 656 1032 et
673 969 723 1031 alii
741 969 841 1032 clerici
861 987 967 1051 magos
985 970 1032 1034 vel

0 1120 1 1127 ,
57 1059 235 1142 haruspices
265 1058 490 1123 consulentes:
516 1055 585 1121 vide
605 1075 673 1138 cap.
697 1057 736 1120 Si
764 1058 831 1140 quir
851 1059 1031 1142 Episcopus,

55 1167 147 1214 causa
160 1153 213 1229 26,
227 1167 259 1232 q.
276 1151 340 1213 set
353 1149 426 1230 Cap.
451 1147 520 1210 Non
536 1153 667 1229 oportet,
688 1145 744 1218 r'd.‚·
762 1147 824 1212 huc
841 1147 931 1212 etiam
950 1165 1034 1230 speo-

57 1246 122 1302 tant
134 1256 202 1321 cap.
219 1242 234 1302 l
250 1241 312 1301 et2
334 1237 373 1302 de
390 1235 582 1319 Sortileqiis;
594 1237 695 1298 Consi.
711 1236 863 1319 Supernu,
878 1238 896 1320 ᾖ
909 1237 946 1298 dl
962 1239 1034 1300 Leo-

1 1377 2 1396 ,
58 1329 106 1390 nis
120 1329 162 1402 X;
180 1326 304 1390 Constit.
321 1325 441 1390 Cultu
455 1333 544 1389 ter-ru
563 1324 636 1388 Sixti
651 1325 688 1400 V;
705 1325 830 1388 constit.
848 1326 1033 1408 Omnipotens

1 1413 2 1416 ’
59 1417 117 1481 Dei
132 1417 247 1499 Gregor
260 1419 324 1494 XV3
340 1415 501 1480 etConstit.
517 1411 725 1478 Irucrutabilis
737 1415 850 1479 Urbani
864 1417 941 1478 Vlll.
958 1413 1033 1478 Vide

59 1507 137 1570 Inst.
149 1506 186 1568 R.
202 1504 241 1568 de
254 1506 295 1568 bl.
312 1507 346 1583 (t.
361 1509 392 1582 ἢ,
408 1523 439 1586 p.
456 1505 536 1583 551).

99 1599 143 1657 De
158 1594 259 1674 mugit
278 1601 309 1657 et
320 1593 523 1667 divinatione,
544 1591 612 1656 vide
631 1592 718 1676 plura
736 1591 793 1656 alie
814 1591 896 1676 apud
916 1593 949 1656 S.
964 1591 1031 1676 big.

60 1683 126 1763 (lib.
141 1686 173 1759 ³,
188 1681 230 1744 n¹·
244 1685 342 1762 5-28).

362 1961 364 1966 ’
415 1931 575 2044 'curui‘
599 1975 664 2043 111.

348 2132 392 2188 DE
414 2133 558 2186 DEUGTIS
581 2131 753 2185 VENEREIS·

102 2299 193 2360 6257.
221 2295 430 2358 Venereorum
451 2293 615 2358 eriminum
637 2293 752 2376 specics
782 2298 853 2357 sunt
878 2292 1036 2360 fornicatio

61 2385 210 2468 simplex,
231 2383 469 2456 concubinatus,
490 2389 647 2465 stuprum,
664 2382 866 2460 adulterium,
882 2382 1034 2464 incestus,

61 2473 281 2556 conlegium·
300 2477 427 2554 raptus,
450 2471 604 2548 sodomia,
630 2470 804 2554 conjunctio
835 2489 906 2534 curn
934 2472 1036 2536 bestiis

65 2583 136 2647 quoe
150 2563 240 2644 vulgb
255 2561 418 2624 bestialitas
430 2559 608 2642 appellatur.

104 2651 275 2716 Fornicatio
288 2655 334 2714 est
352 2648 537 2714 voluntarius
557 2646 736 2712 concubitus
753 2647 806 2710 uiri
825 2665 896 2712 cum
909 2647 1036 2713 muliere

62 2759 197 2826 quorum
217 2747 324 2803 neuter
346 2739 405 2803 elio
426 2737 547 2802 vinculo
565 2735 724 2801 obstrictus
741 2743 796 2800 est.
820 2737 1037 2802 concubinatus

63 2839 110 2896 est
127 2829 316 2895 consuetudo
330 2827 552 2909 conjunctionis
570 2826 624 2890 viri
643 2826 732 2890 soluti
754 2845 825 2890 cum
844 2828 952 2891 soluit.
968 2829 1039 2892 Stu-

60 2941 152 3007 prum
165 2927 211 2985 est
222 2920 353 2984 violenta
369 2915 494 3000 virginis
513 2917 708 3000 compressio.
723 2916 932 2996 Adulterium,
948 2917 1037 2982 alieni

62 3013 142 3075 thori
162 3009 293 3074 violatio.
312 3007 458 3087 Incestus,
473 3007 648 3089 conjunctio
669 3007 966 3090 consanguineorum
986 3013 1038 3070 aut

63 3101 213 3164 affinium.
243 3096 468 3180 Santlepim,
494 3095 674 3160 concubitus
707 3114 779 3160 cum
812 3099 940 3180 persont
968 3113 1038 3178 quae

63 3210 97 3254 se
116 3193 181 3252 Deo
201 3189 290 3251 vovit.
306 3187 430 3270 Raptus,
455 3185 583 3248 violenta
596 3184 739 3249 abductio
753 3184 886 3249 honeste
902 3202 1038 3266 personne

63 3277 201 3341 libidinis
214 3274 368 3356 explendae
387 3277 489 3340 must.
504 3273 642 3338 Souania
656 3279 701 3337 est
718 3276 890 3355 coniunctio
908 3272 1038 3335 duarum

64 3381 266 3450 personarum
274 3363 408 3442 eiusdem
418 3366 517 3438 sexus,
534 3383 602 3446 quae
616 3363 753 3450 sodomia
764 3361 894 3444 perlecta
905 3360 1035 3424 dicitur:

63 3471 137 3520 cam
147 3453 218 3518 verb
227 3453 362 3536 proxime
371 3453 506 3538 sequitur
516 3451 842 3536 sodomiaimperlecto,
857 3467 926 3533 quae
937 3449 1048 3512 locum·

63 3543 159 3609 habet
169 3541 292 3628 quondo
304 3541 372 3608 duae
381 3560 518 3627 personae
528 3543 617 3606 sexus
630 3540 785 3604 dissimilis
793 3558 830 3602 eo
843 3537 934 3602 modo
947 3557 1036 3621 copu-

63 3635 167 3700 lentur
180 3633 234 3727 qui
247 3633 286 3698 sit
297 3629 553 3734 contraprdiuem
566 3631 584 3694 t
596 3631 703 3695 naturt
716 3625 886 3694 institutum
898 3646 954 3713 pro
967 3627 1051 3694 libet
