2526 3988
474 331 559 377 crnrn
579 331 709 400 rennus.
1059 319 1078 376 5

106 425 244 490 intensis.
256 427 323 490 lmb
329 426 487 510 Episcopi,
498 429 528 490 in
537 427 716 510 quibusdam
727 429 861 508 essibus,
870 430 954 509 juxte
963 429 1077 493 Condi.

105 517 254 596 trident,
268 516 438 599 procedere
460 516 560 578 velent
580 516 843 597 extrejudicieliter
856 536 910 581 seu
928 537 965 581 ex
985 518 1078 581 intor-

105 609 186 668 matt
199 605 401 684 conscientie,
415 612 449 669 ut
462 606 539 668 infre
552 605 667 668 dicturi
677 623 782 669 suurus
796 612 818 668 ¹.

146 697 345 758 stus-111.
360 694 478 758 Judicia
496 693 690 770 dividuntur:
708 699 739 756 t⁰
755 697 789 757 In
806 696 998 760 ecclesiastico
1011 715 1079 778 quae

105 781 144 844 eb
170 784 348 847 auctoritate
373 784 572 846 eeclesiastict
594 784 750 860 teruntur;
778 790 809 847 et
834 785 988 848 secularia
1011 803 1080 868 quar

104 879 287 935 exercentur
299 875 317 936 t
331 872 552 954 magistratibus
565 871 769 936 secularibus.

145 965 180 1023 2⁰
197 964 232 1023 in
259 961 363 1026 entia
385 967 417 1023 et
436 959 615 1024 criminalia.
631 997 665 1008 -
678 961 857 1024 Criminnlia
877 960 1020 1026 dicuntur
1045 981 1080 1026 eu

104 1049 219 1132 quibus
230 1050 386 1114 nruleiccte
399 1049 590 1133 plectuntur;
606 1050 709 1113 civilio
724 1053 795 1114 verb
810 1051 920 1132 quibus
933 1050 1080 1114 dirimun-

106 1145 155 1200 tur
169 1145 287 1202 caeterae
301 1141 368 1203 lites
381 1160 389 1202 :
405 1157 473 1221 quae
486 1139 592 1203 divisio
606 1139 730 1222 intelligi
745 1139 834 1202 debet
847 1140 936 1202 ctirrn
950 1139 987 1203 de
998 1139 1080 1222 iudi-

106 1229 162 1290 ciis
175 1229 394 1293 ecclesiasticis.

147 1321 239 1382 5486.
250 1321 328 1381 -30
350 1322 385 1381 In
406 1319 559 1382 ordinaria
576 1337 630 1381 seu
649 1318 790 1380 solemnia
808 1319 839 1380 in
854 1320 963 1400 quibus
977 1319 1080 1382 obser-

106 1413 216 1470 vantur
227 1426 334 1470 ornnes
345 1408 548 1472 solemnitates
561 1411 577 1469 b
588 1409 652 1490 lege
663 1409 859 1490 praescriptae3
869 1417 899 1472 et
911 1409 1080 1470 eutraordi·

106 1496 196 1558 nuria
210 1495 459 1574 succurrente,
472 1499 504 1559 in
521 1497 632 1579 quibus
652 1497 760 1560 subicit
773 1497 930 1558 observare
950 1515 1000 1559 eas
1013 1517 1081 1578 quae

107 1588 126 1647 b
152 1589 261 1649 nature
284 1586 468 1665 judiciorum
488 1587 683 1668 requiruntur
705 1593 735 1649 et
757 1586 931 1649 necessarie
951 1595 1020 1648 sunt
1043 1586 1081 1648 ad

109 1673 346 1756 dignoscendam
359 1677 512 1739 veritatem
528 1695 535 1738 ε
552 1677 583 1738 in
597 1675 747 1758 prioribus
757 1675 850 1756 iudex
866 1675 944 1738 sedet
954 1695 1009 1758 pro
1024 1675 1080 1736 tri-

110 1765 230 1836 bunati‚·
250 1765 280 1826 in
305 1765 518 1846 posterioribus
534 1767 595 1848 ugit
616 1765 651 1826 de
667 1765 769 1846 plano.
785 1767 818 1826 In
837 1765 906 1843 iure
919 1771 1020 1826 tenrcn
1035 1783 1082 1826 ro

109 1871 202 1915 mano
225 1859 357 1932 (necnon
379 1855 411 1916 in
435 1857 548 1934 nostro)
565 1855 713 1934 judicium
725 1853 915 1916 summarium
930 1872 990 1916 non
1005 1873 1080 1916 con-

111 1942 291 2006 tundebatur
309 1963 380 2007 cum
395 1943 510 2023 judicio
523 1943 674 2026 deploro,
690 1943 743 2004 sed
762 1943 880 2023 quoties
891 1942 1003 2022 judex,
1019 1962 1080 2005 non

111 2049 237 2095 usoenso
250 2032 391 2094 tribunati
401 2079 409 2110 ‚
421 2032 472 2094 sed
486 2032 644 2094 discedens
653 2029 801 2093 autetiam
811 2031 892 2092 dorni
902 2032 953 2110 jus
963 2031 1082 2094 dicebat
1119 2104 1124 2113 Ι

113 2121 193 2202 quod
211 2122 239 2184 ei
254 2123 270 2182 b
282 2122 351 2200 jure
363 2139 488 2186 romano
508 2123 541 2184 in
555 2120 738 2202 quibusdum
754 2119 873 2181 casibus
886 2127 949 2180 eret
962 2139 1083 2185 conces·

110 2227 198 2288 sum,
214 2217 290 2273 tune
308 2209 454 2290 judicium
472 2210 506 2273 de
518 2210 610 2293 plano
631 2209 796 2271 dicebatur.
819 2209 852 2270 In
868 2209 968 2271 multis
980 2219 1080 2275 autern

110 2299 246 2379 judiciis,
257 2301 312 2362 etsi
322 2299 509 2378 summariis,
521 2300 613 2380 judex
627 2300 732 2362 sedere
744 2296 871 2360 debebat
881 2299 911 2360 in
922 2319 977 2362 suo
990 2302 1081 2366 tribu-

111 2387 184 2449 nali.
199 2390 233 2450 ln
246 2390 315 2468 jure
332 2391 402 2452 verb
418 2389 563 2452 canonico
573 2389 722 2469 judicium
737 2387 776 2450 dc
790 2388 880 2469 plano
895 2387 974 2450 idern
989 2397 1033 2452 est
1046 2411 1081 2454 ec

108 2475 256 2556 judicium
270 2478 481 2540 summarium.
491 2478 612 2540 -Vide
627 2479 771 2559 Lequeux
787 2481 831 2556 (n⁰
846 2481 923 2539 1235
940 2479 972 2539 in
985 2481 1080 2563 noto.)
1127 2528 1132 2534 .

152 2569 288 2628 5488-
299 2571 331 2626 4⁰
344 2569 378 2628 In
389 2567 533 2649 petitorio
545 2573 576 2629 et
587 2565 960 2648 possessorio-petitorio
974 2566 1079 2630 dicun·

109 2652 284 2735 turjudicie
295 2655 328 2718 in
341 2655 451 2737 quibus
463 2655 595 2738 litigatur
607 2656 645 2718 dc
659 2655 837 2737 proprietate
851 2655 893 2716 rei
909 2653 953 2716 vei
968 2655 1081 2734 dejure

110 2741 215 2824 aliquo
228 2743 289 2807 sive
302 2746 334 2805 in
348 2765 381 2807 re
393 2747 455 2808 sire
468 2745 509 2807 ad
522 2765 604 2822 rem,
620 2745 753 2825 petitque
766 2751 848 2805 ector
861 2762 893 2806 se
906 2745 949 2806 rei
964 2755 1081 2809 contro·

110 2849 206 2895 versae
227 2832 370 2895 declarari
386 2834 560 2909 dominum,
585 2841 636 2894 cut
655 2832 712 2894 sibi
729 2832 779 2912 jus
793 2832 825 2893 in
842 2852 874 2895 re
894 2833 939 2896 vel
961 2835 1001 2896 ad
1020 2856 1080 2897 rem

110 2927 295 3004 competere.
311 2923 488 2984 Possessoria
501 2924 573 2984 verb
590 2941 625 2984 ea
638 2929 708 2983 sunt
729 2923 760 2982 in
780 2922 891 3004 quibus
909 2932 1006 3004 partes
1020 2925 1080 2986 dis-

111 3017 234 3090 ceptant
255 3009 293 3072 de
317 3012 380 3073 soit
400 3011 443 3073 rei
456 3011 502 3074 rel
520 3011 597 3090 juris
611 3011 798 3092 possessione
818 3021 870 3073 eut
889 3012 1081 3095 adipiscenda

113 3107 166 3159 eut
178 3099 335 3161 retinendt
347 3107 398 3163 aut
416 3099 641 3181 recuperanda,
656 3101 728 3162 cbm
744 3099 855 3162 scilicet
868 3107 951 3163 ector
964 3105 1080 3164 tuntbrn

113 3187 187 3268 petit
199 3187 245 3248 rei
259 3196 293 3249 ut
305 3187 486 3268 adipiscetur
500 3190 719 3270 possessionem
732 3190 774 3250 rei
788 3235 796 3266 ‚
812 3189 857 3250 vei
870 3208 932 3251 non
945 3191 1081 3252 turbetur

113 3273 147 3336 in
159 3275 258 3356 quietb
272 3276 337 3355 ejus
350 3278 555 3357 possessione,
569 3277 615 3338 vei
630 3283 663 3339 ut
676 3284 834 3359 recuperet
845 3278 997 3340 emissam.

155 3367 243 3426 5488.
259 3399 298 3409 -
311 3369 345 3426 5⁰
367 3367 401 3426 ln
420 3365 763 3449 simplicioetduplicia.
778 3365 991 3448 -Simplicia
1011 3377 1081 3431 sunt

144 3507 154 3536 ¹
168 3505 246 3555 Actus
255 3503 453 3571 exbajudicieles
465 3511 524 3556 suut
539 3505 575 3556 illi
590 3507 633 3573 qui
645 3521 695 3558 non
706 3506 829 3572 pertinent
840 3505 932 3560 directe
947 3510 977 3560 ad
987 3510 1079 3577 judicie

111 3575 272 3628 strictbdiote
281 3591 325 3627 seu
337 3576 451 3638 forensis,
467 3583 495 3628 ut
505 3585 575 3629 actus
586 3578 675 3645 quibus
686 3583 813 3628 exercetur
821 3577 961 3645 jurisdictio
973 3585 1079 3647 gratiose

112 3648 223 3769 etptirnr
236 3653 306 3698 ectus
318 3649 407 3713 quibus
419 3649 555 3714 puniuntur
567 3650 750 3706 terinaneum,
764 3651 806 3700 sod
820 3650 914 3714 absque
923 3655 990 3702 omni
1002 3655 1079 3716 tigurt

111 3735 141 3786 pu
161 3733 209 3768 ron.
