2462 3984
411 211 496 270 unm
523 219 648 274 rrnrtus.
955 212 1008 274 t0't

36 317 206 382 taret-1).
224 319 324 382 Bouir
335 317 432 400 (ibid,
447 339 477 401 p.
496 324 568 398 m)
580 317 734 402 respondit
746 320 931 402 affirmative,
942 323 1013 405 quia

37 407 73 470 ud
84 407 224 491 judicem
232 407 364 490 pertinet
374 409 549 488 regulariter
562 408 720 492 providere
732 408 770 471 de
780 417 972 494 procuratore
985 412 1012 475 ei

37 497 89 579 qui
103 495 223 580 indiget
236 515 294 560 nee
307 496 384 562 uolet
395 515 450 580 per
463 495 883 582 seipsumdeiendere,qualis
895 506 940 564 est
953 501 1014 564 Fis-

38 586 139 650 cusin
162 585 241 650 tacu
259 587 429 670 hypothesi.
444 587 603 651 Promotor
619 595 723 652 eutem
739 605 794 672 per
811 587 945 672 iudicem
964 609 1008 652 es·

40 683 180 760 sumptus
192 683 291 759 potest
304 677 342 739 nd
356 682 466 741 nutum
480 679 638 742 removeri.

78 783 171 844 5769.
194 782 354 844 Promotor
367 780 477 844 tisoaiis
489 779 579 844 debet
589 781 692 864 jurare
714 780 746 844 in
764 781 912 866 principio
926 785 1014 849 oflicii

38 869 77 934 de
98 869 182 933 bend
199 869 461 934 administrando:
481 869 523 934 ito
544 871 710 954 praesoribit
728 870 779 951 jus
791 890 950 938 romonum
963 923 971 952 ,
986 880 1016 938 et

39 959 111 1022 cirm
126 958 203 1021 nihii
216 958 388 1023 adversetur
404 959 436 1022 in
448 959 518 1043 jure
531 959 690 1036 canonico,
702 961 912 1042 praesoriptum
926 963 1015 1026 etiam

40 1049 159 1112 oenseri
174 1047 265 1111 debet
277 1049 309 1112 in
327 1049 462 1113 Ecclesit
481 1049 606 1129 (Boon,
622 1047 716 1127 ibid,
738 1068 769 1132 p.
786 1051 865 1132 tm).
888 1051 947 1134 lpsi
961 1051 1016 1116 de-

39 1137 281 1202 betursoiorium
295 1137 334 1200 ob
347 1139 495 1222 Episcopo
509 1137 576 1218 tiu,
591 1141 672 1218 475).

79 1255 173 1314 5770.
197 1251 320 1324 Ouaerit.
335 1255 367 1314 2⁰
389 1251 548 1325 Quodnam
570 1251 607 1315 sit
629 1253 786 1336 proprium
799 1254 922 1319 fiscalis
943 1259 1015 1322 Pro·

41 1341 169 1404 motoris
177 1339 335 1403 officium?

79 1443 265 1526 Respondeo
277 1461 349 1508 eum
360 1447 396 1506 Ι).
413 1445 509 1508 Bouix
519 1444 586 1525 (io,
601 1465 632 1529 p.
647 1450 736 1528 tm:
757 1470 772 1506 o
787 1448 833 1510 Ad
848 1447 942 1531 ipsius
955 1449 1017 1513 offi-

41 1557 57 1594 ι
81 1536 166 1598 cium
181 1534 334 1616 precipue
353 1534 483 1618 pertinet
495 1534 647 1617 pubiicum
668 1537 831 1601 criminum
855 1537 1015 1602 vindictam

40 1639 188 1688 »eorem
213 1622 366 1687 'tribunali
394 1623 597 1688 eeclesiastico
617 1627 766 1707 persequi.
791 1627 835 1688 Ex
861 1646 924 1709 quo
947 1629 1017 1692 satis

40 1737 56 1774 n
81 1721 166 1796 potet
174 1714 279 1797 quanti
293 1713 439 1778 momenti
449 1713 488 1776 sit
497 1713 693 1777 oontmissum
704 1715 760 1797 ipsi
770 1733 882 1780 munus
894 1736 902 1778 ε
913 1717 945 1780 ἰη
956 1738 1017 1800 quo

42 1827 57 1862 n
83 1805 167 1867 certe
188 1801 357 1886 explendo,
377 1804 403 1865 si
423 1802 611 1886 negligenter
627 1821 693 1866 sese
715 1806 853 1885 gesserit,
868 1813 958 1887 etque
980 1826 1017 1870 ex

42 1916 57 1952 n
82 1894 151 1974 eius
163 1892 253 1975 outpt
266 1911 321 1975 per
335 1890 488 1956 dioecesim
498 1899 588 1975 etque
601 1892 632 1954 in
648 1891 728 1955 otero
742 1893 835 1956 libere
845 1901 1018 1975 grassentur

43 2005 60 2042 n
85 1982 155 2044 sitio
168 1989 198 2046 et
211 1983 369 2060 scandata,
381 1983 437 2066 ipsi
452 2001 554 2045 eoram
566 1999 709 2063 supremo
720 1979 822 2062 judice
835 1982 951 2045 Christo
964 1984 1019 2045 im·

44 2095 61 2132 s
88 2071 238 2154 putabitur
250 2072 390 2155 coltepsae
403 2071 586 2153 disciptinae,
601 2069 845 2133 conculcatorum
859 2072 1018 2134 ecelesias·

44 2185 61 2221 n
87 2161 215 2226 tioarum
225 2162 329 2245 legum
338 2167 368 2224 et
378 2161 564 2244 perditurum
578 2155 649 2222 inde
662 2159 834 2224 animarum
847 2159 946 2223 ruina.
962 2161 1020 2224 Eti-

42 2275 58 2312 s
82 2251 204 2335 gendos
225 2269 300 2336 ergo
319 2255 365 2314 est
383 2251 422 2314 ad
440 2249 469 2312 id
482 2247 634 2328 officium,
660 2267 721 2312 non
742 2248 840 2332 pevidi
863 2249 915 2314 sed
936 2249 1019 2314 tortis

42 2365 57 2406 ι
82 2342 179 2406 animi
193 2342 238 2404 vir
253 2341 329 2404 etin
341 2341 409 2421 jure
423 2340 555 2423 peritus,
571 2340 623 2422 qui
645 2357 707 2402 non
727 2339 830 2402 timeat
843 2339 1019 2422 iniquorum

42 2457 58 2494 ι
82 2429 230 2494 inuidiam
245 2430 301 2493 sibi
319 2430 488 2508 concitare,
504 2429 556 2492 sed
576 2429 675 2510 potiirs
695 2429 884 2510 iniquitatem
903 2429 966 2491 zelo
989 2435 1020 2490 et

43 2545 58 2582 ι
82 2521 257 2604 integritate
269 2523 325 2583 sut
339 2524 460 2584 terreat.
476 2522 515 2580 At
531 2523 638 2600 praeter
651 2517 763 2580 dictam
777 2517 939 2580 eriminum
952 2519 1019 2579 rin·

43 2634 59 2674 ι
82 2612 200 2676 dictem
214 2609 381 2693 publicem,
395 2609 490 2692 ipsius
503 2608 595 2670 etiem
607 2605 696 2669 officii
706 2612 750 2668 est
759 2607 791 2666 in
802 2604 917 2685 judicio
931 2623 1020 2688 ogere

44 2723 59 2762 ι
83 2710 112 2766 et
135 2699 321 2784 respondere
344 2701 376 2762 in
404 2697 501 2763 musis
518 2715 587 2780 quae
601 2697 681 2759 bona
694 2693 889 2778 temporatia,
908 2713 1019 2778 preero·

43 2813 59 2851 n
83 2792 201 2874 gutives
215 2795 245 2853 et
258 2789 315 2852 eliu
325 2789 393 2872 jure
407 2787 471 2851 fisci
485 2785 676 2852 ecelesiastici
695 2783 871 2868 respiciunt.
887 2805 903 2844 o

83 2900 177 2960 5771.
201 2893 324 2968 Quaerit.
341 2895 373 2956 3⁰
394 2894 440 2954 An
454 2890 623 2954 necessario
637 2889 796 2952 Promotor
814 2886 923 2952 fiscalis
936 2889 975 2952 sit
988 2887 1019 2953 in

46 2988 135 3050 Gurid
148 2983 318 3069 Episoopoli
332 2977 581 3046 constituendus?

85 3094 179 3175 nesp.
204 3085 555 3154 pernumerentur
577 3081 813 3146 incommodari
834 3080 866 3146 in
887 3081 1021 3166 quelibet

47 3183 137 3246 Curit
150 3179 321 3263 Episcopoti
333 3195 395 3240 non
409 3173 588 3239 constitutus
605 3179 684 3236 esset
695 3171 819 3236 Fiseutis
840 3172 1018 3235 Promotor:

47 3271 198 3357 siquidem
218 3267 329 3333 servari
343 3284 406 3328 non
419 3271 540 3346 possent
553 3267 705 3326 eonsuetae
718 3261 750 3325 in
770 3261 869 3325 musis
882 3260 1022 3322 erimina·

47 3362 126 3428 tibus
138 3353 554 3446 dijudicandisiormrlitetes,
568 3371 637 3437 quae
650 3351 719 3416 lieet
731 3349 848 3434 possint
859 3347 1020 3430 aliquando

49 3452 160 3532 omitti,
175 3448 355 3533 regulariter
363 3451 465 3508 tumen
479 3449 550 3506 sunt
562 3440 756 3508 observondae
772 3457 780 3500 ε
795 3437 907 3519 injure
920 3443 1020 3500 nutem

50 3560 174 3605 romano
185 3535 390 3623 prescribitur
401 3533 474 3596 utin
486 3531 691 3596 criminalibus
700 3529 808 3592 oitetur
818 3527 975 3590 Promotor
989 3528 1019 3589 in

53 3631 190 3696 omnibus
204 3629 280 3695 actis
293 3643 363 3710 quae
378 3623 455 3688 tium
468 3629 571 3685 eontra
584 3639 690 3698 reum,
706 3617 763 3682 sub
776 3619 866 3698 poentt
880 3615 1022 3679 nuttitatis
