2462 3984
191 208 229 268 98
420 218 556 263 ninutas
577 216 677 262 nonus
697 217 778 262 runis
800 215 949 262 ornentur.

190 341 252 406 quo
265 325 322 384 stat
333 321 438 384 liberat
450 320 488 382 ab
502 335 595 382 onere
609 313 773 398 probandi,
784 313 877 398 idque
889 331 969 379 onus
982 315 1124 380 transfert
1138 317 1173 380 in

191 411 406 474 adversarium.

230 501 261 563 Si
274 501 346 564 verb
356 499 394 562 sit
400 496 484 580 juria
491 505 521 561 et
533 493 656 578 dejure,
669 513 731 558 non
744 493 1007 576 admittit‚ut1am
1020 494 1173 577 diximus,

189 589 398 672 probationem
419 588 451 652 in
472 586 678 662 eontrarium3
699 582 826 666 proinde
848 583 981 647 excludit
998 585 1049 666 ins
1067 587 1175 670 appel·

190 677 271 741 landi
284 726 292 757 ,
304 679 437 759 itemque
444 677 651 757 iuramentum
665 691 731 754 epus
743 680 846 736 contra
857 691 949 756 quem
964 679 1032 748 stat,
1044 681 1074 738 et
1081 676 1173 757 juxta

189 785 257 830 eam
276 765 402 850 proferri
416 766 507 829 debet
520 763 688 842 sententia,
704 767 836 826 attamen
849 762 965 826 admitti
984 775 1086 846 posset
1101 785 1172 848 pro·

189 855 272 936 butio,
284 857 366 940 quod
381 873 442 920 non
457 853 534 918 adsit
546 853 613 916 telis
626 851 821 936 praesumptio
838 871 845 916 ε
861 853 959 935 excipi
972 853 1064 916 etiem
1078 853 1173 918 debet

191 946 352 1010 notorictas
371 946 402 1008 in
423 943 624 1020 eontrarium,
640 941 686 1005 tel
706 939 855 1005 consessio
876 941 941 1024 ejus
955 961 1011 1024 pro
1030 963 1094 1025 quo
1113 951 1174 1008 stat

190 1036 404 1118 presumptio,
419 1034 466 1098 vel
480 1035 715 1098 instrumentum
726 1030 901 1112 publicum,
916 1031 962 1094 vel
975 1031 1001 1094 si
1014 1032 1174 1096 sufficiens

189 1142 337 1188 nutrieras
351 1124 472 1186 testium
494 1123 525 1185 in
540 1120 724 1186 eontrarium
738 1119 880 1184 alienatur
897 1123 971 1199 (non
981 1123 1174 1186 concordant

189 1213 251 1274 bb.
266 1213 304 1276 de
319 1231 447 1275 numero
460 1217 534 1274 tune
548 1211 703 1294 requisito)
713 1229 721 1286 ;
732 1209 828 1292 excipi
843 1209 967 1274 tattdem
980 1210 1068 1275 debet
1077 1232 1173 1276 cesus

190 1301 222 1364 in
240 1320 302 1382 quo
315 1301 498 1366 consentiret
515 1301 541 1362 is
554 1318 609 1382 pro
623 1317 686 1381 quo
702 1305 759 1362 stat
774 1299 969 1382 praesumptio
981 1307 1015 1364 ut
1029 1303 1173 1384 probatio

189 1388 220 1452 in
235 1389 419 1454 eontrarium
441 1389 607 1454 afferretur.
626 1387 703 1451 Vide
721 1387 837 1468 Βοιίκ,
852 1389 897 1451 Dr
908 1387 1008 1452 dudio.
1023 1392 1111 1471 (tom.
1129 1397 1171 1474 l,

188 1498 220 1562 p.
236 1483 310 1558 327,
327 1481 408 1559 eto).

228 1573 317 1632 5741.
339 1569 572 1634 controvertitur
592 1567 670 1630 inter
681 1571 853 1632 canonistas
872 1587 912 1631 an
926 1588 964 1632 ex
978 1569 1067 1633 nudis
1087 1589 1172 1652 prae-

189 1659 413 1740 sumptionibus
431 1659 463 1722 in
476 1660 566 1722 eaust
579 1657 743 1733 criminali,
760 1676 830 1721 reus
844 1659 938 1740 possit
955 1657 1169 1724 condemnari.

188 1746 264 1809 Vide
284 1748 379 1812 varias
393 1747 556 1812 sententias
575 1747 654 1810 eirea
672 1748 871 1829 questionem
885 1747 966 1830 apud
988 1749 1084 1812 Bouix
1100 1749 1170 1830 tit„

189 1855 219 1917 p.
235 1839 306 1916 328,
322 1840 394 1919 etc.)
408 1885 416 1917 ‚
432 1839 484 1920 qui
500 1836 655 1900 sententie
670 1837 792 1918 neganti
807 1835 940 1900 adbaeret
953 1838 1072 1920 quoties
1085 1857 1170 1920 prae·

188 1926 376 2009 sumptiones
391 1945 452 1991 non
466 1927 592 1990 omnino
606 1925 737 2008 probant
753 1943 840 1988 reum
854 1927 923 1990 verb
940 1925 1123 2009 deliquisse,
1137 1935 1172 1991 et

188 2015 278 2078 variis
292 2018 453 2080 momentis
470 2016 499 2079 id
513 2011 684 2079 confirmat.

228 2111 318 2170 tntu.
335 2110 481 2181 Ouaenam
494 2105 571 2168 tradi
585 2103 701 2168 soleant
713 2104 825 2186 regule
839 2105 877 2168 ed
890 2107 1170 2190 praesutnptionum

188 2195 319 2258 valorem
333 2194 569 2259 aestimandum?

229 2287 317 2366 ltesp.
336 2287 503 2365 Sequentes
517 2283 666 2365 regulast
682 2285 744 2348 bn.
759 2284 854 2348 tradi:
871 2287 901 2348 l·
914 2285 952 2349 st
966 2286 1023 2352 tole
1035 2288 1077 2350 rit
1088 2287 1171 2352 tuda·-

188 2391 265 2434 ctum
279 2379 313 2434 ut
325 2371 479 2434 rarissime
491 2373 642 2456 emtiupat
653 2371 732 2435 illud
741 2382 821 2437 sture
831 2373 894 2437 sind
911 2395 944 2438 re
960 2378 1146 2461 praesumpti
1158 2399 1172 2440 ε

188 2479 216 2523 u.
228 2481 258 2542 g.
275 2461 299 2523 si
315 2468 404 2524 testes
418 2461 571 2544 deponant
581 2462 731 2525 sevidisse
744 2461 875 2546 aliquem
887 2465 986 2529 solum
1002 2485 1074 2530 cum
1088 2468 1167 2548 solt,

189 2550 304 2613 nudum
324 2569 395 2615 cum
417 2551 498 2614 nudt
517 2551 548 2613 in
567 2551 673 2615 eodem
694 2552 769 2614 lecto
785 2554 956 2635 jacentem,
971 2557 1067 2619 oritur
1085 2577 1170 2640 prae-

188 2642 320 2722 sumptio
334 2641 463 2705 uiolenta
481 2648 533 2704 aut
552 2642 643 2704 etiem
656 2641 890 2722 violentissima,
906 2643 945 2707 de
964 2645 1113 2710 adulterio
1132 2647 1168 2710 in

187 2747 270 2792 casu.

227 2819 258 2880 2⁰
275 2817 313 2881 Si
331 2817 473 2882 iudicium
495 2839 560 2882 cum
580 2841 613 2884 re
631 2821 811 2904 proerumpttl
834 2821 927 2886 soleat
942 2825 1082 2911 conjuupr'
1091 2875 1101 2908 ,
1116 2829 1171 2892 sed

188 2915 283 2970 tomen
311 2906 468 2972 identidem
490 2929 547 2972 uon
570 2911 789 2992 conjunguntur,
815 2921 883 2974 tuuc
902 2917 1096 3000 presumptio
1121 2929 1169 2982 ert

187 2997 424 3076 commutaturum
437 2999 584 3062 uiolento:
597 3021 625 3064 v.
641 3021 671 3084 g.
688 3001 740 3084 qui
753 3001 951 3068 homicidium
966 3015 1073 3088 patrat,
1088 3009 1168 3072 solet
1228 3031 1229 3064 1

187 3087 337 3151 ordinarit
348 3087 420 3151 illud
434 3087 531 3152 lacere
545 3090 647 3153 animo
658 3090 802 3169 nocendi;
816 3092 868 3156 scd
883 3093 955 3178 quia
964 3095 1170 3164 homicidium
1228 3099 1229 3154 l

187 3176 350 3261 aliquando
372 3177 480 3241 accidit
505 3197 541 3241 ex
567 3197 638 3243 casu
669 3185 699 3244 et
722 3180 944 3264 imprudentit,
966 3189 1169 3271 presumptio
1228 3189 1229 3200 ’

186 3268 452 3352 premeditationis
461 3287 522 3332 non
538 3277 583 3332 est
594 3269 725 3332 violenta
738 3289 790 3334 scu
805 3269 978 3338 vehemens.

226 3371 258 3431 3⁰
279 3367 381 3444 Qualia
400 3385 446 3429 res
463 3374 543 3438 erat,
569 3366 596 3429 εἰ
615 3365 684 3428 tatis
704 3387 821 3430 manere
836 3369 949 3452 poscit,
967 3375 1167 3456 presumitur
1228 3385 1229 3396 ¹

187 3455 281 3518 adbuc
300 3456 370 3518 tutis
389 3475 448 3520 esre
466 3463 496 3520 et
518 3455 589 3518 tulis
607 3475 762 3535 maurum,
781 3456 842 3520 uiri
860 3459 1002 3541 prodetur
1013 3468 1166 3532 mutatio:
1228 3489 1229 3496 ³

186 3562 215 3608 v.
235 3565 266 3627 g.
281 3545 404 3608 tormini
426 3544 595 3609 confinium
615 3544 656 3608 ibi
674 3555 900 3628 presumuntur
919 3566 985 3615 esse
1003 3553 1056 3617 ubi
1075 3563 1166 3622 erant

188 3639 275 3697 antea
289 3632 345 3695 nisi
360 3633 464 3697 mutati
478 3633 655 3716 probentur.
