2452 3984
399 265 489 308 arnan
524 243 660 310 annitusss
959 246 1016 308 adu

60 403 62 414 ·
83 391 99 434 s
114 385 158 448 ,et
166 396 231 460 cap.
239 379 400 455 Quoniam,
411 379 448 440 de
458 380 604 459 territur),
619 391 650 442 et
662 379 849 444 irocetiamsi
856 379 1017 462 deponant

60 483 104 526 ‚ro
120 469 298 531 sustinendo
312 469 526 530 Matrimonia.
555 469 588 530 Si
601 479 705 532 tamen
721 488 759 532 ex
773 469 1017 532 circumstantiis

57 563 219 635 suspectum
235 565 407 638 appareret
421 558 638 642 testimonium
662 573 784 636 eorum,
813 566 848 620 ut
862 559 888 622 si
902 574 1017 638 sponsa

62 647 157 717 peteret
169 648 200 704 ut
212 644 344 708 validum
356 645 517 710 haberetur
529 646 756 710 Matrimonium
778 663 850 712 oum
872 647 937 710 viro
956 644 1013 708 sibi

53 723 152 797 divitiis
165 737 342 811 prestante,
356 739 430 796 tunc
447 741 606 816 parentum
625 733 831 799 testimoninm
856 751 919 798 non
936 738 1014 797 esset

62 813 258 882 admittendum
284 822 341 884 nisi
359 829 574 886 concurrerent
586 822 819 886 circumstantiae
835 841 903 904 quae
915 822 1012 903 suspi-

61 901 161 966 tionem
175 920 374 976 removerent.

93 995 206 1078 Insuper
220 1006 253 1062 ut
277 1007 365 1064 testes
389 1001 504 1065 admitti
527 1019 588 1064 non
606 999 718 1062 debent
733 1021 740 1062 r
758 1005 789 1063 1ο
803 999 932 1083 pecunia
944 1017 1014 1062 eor-

62 1083 124 1162 tupli
137 1088 210 1168 (cap.
226 1089 315 1152 Licet
323 1094 377 1166 29,
392 1089 426 1152 de
441 1097 505 1153 teat.
522 1097 551 1151 et
564 1092 674 1166 atteri.)
687 1109 695 1165 ;
709 1092 740 1151 2⁰
754 1089 879 1172 quinon
893 1089 1014 1170 proprid

62 1189 119 1232 roae
130 1174 178 1235 sed
192 1176 333 1240 absentes
343 1197 396 1260 per
405 1179 516 1242 litteras
529 1179 734 1242 testimonium
746 1177 906 1260 perhibent
926 1178 1013 1258 (Cap.

62 1261 212 1342 inaltat,
228 1266 276 1328 tit.
294 1269 352 1342 18,
369 1267 419 1328 lib.
436 1271 455 1328 t
470 1271 599 1344 Decret.;
615 1285 672 1330 oan
691 1265 786 1330 Testes
800 1271 856 1345 15,
871 1283 961 1335 causa
975 1269 1012 1339 8,

61 1366 84 1426 q·
98 1352 143 1428 3);
158 1355 188 1414 3ο
202 1361 290 1418 actor
301 1374 309 1416 :
321 1356 344 1417 si
360 1363 460 1419 tamen
470 1355 561 1435 judex
576 1375 612 1419 ex
622 1355 720 1418 officio
731 1353 883 1438 procedat,
899 1354 1015 1417 denun-

60 1437 132 1588 tialg
147 1449 247 1522 potest
260 1444 374 1508 admitti
387 1445 426 1508 ad
447 1445 673 1527 deponendum.
692 1453 748 1527 Ap.
764 1445 859 1508 Bouix
876 1441 1014 1524 (ibidem,

61 1543 85 1604 p.
132 1534 190 1596 tet
202 1535 288 1610 133).

92 1619 169 1682 6087.
185 1623 313 1694 Quaerit.
327 1625 359 1685 5·
373 1622 530 1696 Quomodo
544 1640 627 1687 nuno
639 1625 656 1685 ia
670 1629 806 1704 tempore
821 1620 934 1685 Bened.
948 1621 1014 1682 xlv

61 1703 91 1764 rit
104 1711 323 1774 procedendum
338 1711 480 1776 incensis
494 1712 638 1776 nullitatis
651 1711 855 1774 Matrimonii?
981 1789 983 1796 Α

94 1795 170 1880 liesp.
184 1801 234 1861 Ex
248 1801 371 1864 Constit.
388 1801 501 1864 Bened.
515 1803 580 1865 lllV
593 1849 601 1878 ‚
624 1805 642 1866 3
660 1819 728 1864 nov.
743 1803 835 1877 titt,
849 1799 941 1880 incip.
957 1798 1016 1860 Dei

62 1885 230 1951 m'rerotioae
244 1915 254 1953 :
269 1893 301 1950 l·
321 1890 520 1954 instituendus
540 1897 585 1953 est
606 1889 644 1951 ab
663 1889 819 1951 Ordinario
837 1888 869 1949 in
883 1885 1016 1968 qnalibet

63 1968 161 2038 diocesi
174 1978 311 2058 defensor
320 1979 518 2056 Matrimonii,
534 1979 605 2062 qni,
617 1979 807 2058 inquantum
819 1974 882 2037 lieri
898 1979 1015 2056 potest,

62 2059 167 2128 ctericus
181 2068 224 2128 sit
236 2115 243 2144 ‚
256 2073 286 2129 et
304 2067 371 2131 vitm
384 2067 530 2149 probitate
544 2073 572 2128 el
590 2066 666 2146 juris
680 2064 804 2128 scientia
817 2063 856 2125 sit
872 2062 1015 2136 idoneus,
1095 2061 1104 2075 '

61 2165 118 2211 cum
126 2151 264 2218 facultate
272 2163 373 2220 tamen
383 2175 448 2218 eum
457 2153 645 2238 oupmdendi
654 2153 699 2217 vel
707 2149 882 2228 removendi,
896 2149 924 2212 si
931 2149 1017 2230 justa

60 2254 130 2301 mano
141 2243 295 2324 adfuerit,
311 2253 340 2307 et
354 2243 549 2307 endstitnerrdi
569 2243 660 2306 aliam
677 2240 757 2325 oqui
767 2241 897 2304 idoneum
910 2257 920 2300 ι
940 2235 1017 2319 qaod

60 2327 135 2390 etiam
147 2331 218 2413 fieri
227 2333 356 2414 poterit,
369 2334 398 2396 ai
410 2334 470 2396 erit
480 2333 611 2414 lepitimi
621 2331 789 2414 impeditus.

95 2439 109 2475 r
126 2421 155 2482 Si
167 2420 261 2500 juder
274 2423 305 2484 in
319 2421 452 2487 secunda
465 2423 604 2486 instantii
617 2423 671 2485 luit
684 2418 949 2501 Metropolitanus,
965 2419 1016 2477 aul

60 2523 73 2560 a
92 2507 172 2573 Sedis
185 2511 365 2591 Apostolioaa
382 2513 531 2588 Nuntius,
547 2517 599 2574 ant
611 2509 776 2591 Episcopus
790 2506 933 2583 vicinior,
952 2505 1016 2568 Ma·

60 2613 72 2648 ι
92 2597 219 2660 trirnonii
235 2597 375 2664 defensor
388 2600 426 2662 sit
447 2601 499 2682 qni
518 2599 556 2662 ab
574 2599 647 2680 ipsis
666 2596 755 2660 luerit
773 2594 970 2673 deputatus...
986 2597 1015 2659 Si

60 2702 72 2736 r
92 2692 187 2748 antem
198 2687 294 2766 judex
316 2689 347 2750 in
367 2689 500 2752 secunda
522 2687 662 2749 instantii
674 2684 730 2748 erit
740 2682 831 2762 judex
847 2683 1018 2747 commissa·

60 2791 72 2826 r
93 2773 168 2846 rins,
185 2777 235 2839 oui
250 2779 267 2838 ir
281 2777 358 2840 Sede
381 2777 551 2860 Apostolicd
575 2793 673 2838 causae
695 2771 827 2854 cognitio
840 2770 1018 2836 demandata

62 2881 73 2914 r
94 2863 162 2926 sit...
184 2865 325 2929 nolumus
348 2873 382 2930 nt
401 2867 452 2928 illo
465 2866 622 2928 defensore
640 2861 822 2929 Matrimonii
844 2865 944 2923 utatur
965 2864 1017 2943 qui

62 2969 74 3004 r
94 2954 269 3018 constitutus
278 2953 366 3018 inerit
374 2955 413 3018 ab
422 2955 614 3031 Ordinatio..‚
625 2951 740 3016 etiamsi
750 2951 830 3014 idem
844 2949 1017 3012 ordinarius

63 3041 194 3124 »sitqui
213 3044 342 3124 primam
365 3044 544 3106 sententiam
562 3043 594 3104 in
614 3040 719 3104 eidem
737 3037 1016 3121 causapronuntia·
1133 3048 1136 3056 ’

64 3145 76 3182 t
95 3131 204 3193 terit.»
224 3131 282 3213 (lix
295 3133 397 3196 Consi.
409 3132 620 3208 modicitate.)

96 3219 123 3280 Si
145 3221 249 3284 Romae
266 3239 357 3284 causa
379 3221 418 3284 sit
438 3219 619 3302 judicanda,
643 3219 711 3282 vide
733 3217 765 3280 in
784 3213 890 3278 eadem
915 3215 1017 3276 const.

64 3307 149 3383 ruralis
161 3315 234 3372 tuno
245 3327 310 3372 esse
323 3308 430 3374 debeat
443 3309 624 3372 Matrimonii
638 3307 788 3370 defensor.
895 3334 900 3348 ·

96 3401 181 3461 6888.
195 3431 236 3444 -
248 3403 280 3460 2⁰
294 3399 432 3464 Officium
445 3397 625 3462 Matrimonii
643 3392 808 3459 defensoris
821 3389 866 3452 sic
878 3388 1019 3452 determi-

65 3489 168 3549 natura
182 3487 296 3550 Bened.
312 3491 376 3551 xtv
392 3488 448 3550 :ad
462 3489 560 3569 ipsum
568 3492 681 3568 spectat
693 3505 708 3542 a
722 3483 752 3544 in
760 3477 907 3561 iudicium
918 3479 1020 3542 venire

65 3593 77 3628 ⁹
97 3569 343 3659 quotiescumque
363 3577 520 3658 contigerit
549 3571 783 3638 matrimoniales
803 3585 907 3630 causas
931 3585 1021 3650 super

66 3680 77 3715 r
99 3663 243 3730 validitate
256 3666 302 3728 vel
317 3665 450 3730 nullitate
464 3683 565 3729 eoram
581 3662 713 3744 legitimo
728 3657 824 3732 indico
839 3655 1018 3786 disceptarit

814 3759 878 3820 δ”.
