2466 4258
231 166 288 229 Ι108
446 180 587 232 arnolto
607 181 708 231 ructus
728 184 810 231 runis
831 185 992 237 cruorum.

229 309 261 361 et
275 298 409 360 restricti
425 300 457 362 in
474 299 679 372 cancellaria,
693 311 727 362 ut
741 310 870 380 paratus
886 303 929 364 sit
942 302 985 365 ad
1000 303 1191 368 detensionan

230 391 452 468 peragendam,
470 407 541 471 qnae
558 389 635 452 alias
648 391 937 471 propostttocansae
954 393 1109 458 exhiberi
1122 411 1191 477 pote:
1226 439 1227 442 ,

229 477 260 538 in
280 478 414 559 scriptis.
431 479 500 558 lpse
515 497 643 560 quoque
665 477 832 558 subjicitur
847 483 940 542 oneri
968 485 1092 546 secreti
1111 486 1191 564 jumi¹
1226 473 1227 524 3

227 575 385 648 qnatenus
399 565 566 632 Ordinario
581 567 725 632 videatur
740 568 881 632 indolem
897 587 1009 636 causae
1026 573 1062 636 id
1077 587 1192 658 exposta

227 655 304 718 lare.

268 745 403 810 XXXlii.
414 781 452 796 -
466 747 702 811 Transmittitur
717 747 788 811 dein
801 747 1010 814 Procuratori
1029 751 1133 817 liscali
1147 773 1193 836 pro·

227 855 334 900 cessus
354 849 382 899 et
399 837 571 912 restrictus,
589 847 624 900 ut
640 857 771 900 munere
786 855 843 901 suo
858 857 897 900 ox
913 837 1030 903 cilicio
1050 843 1193 921 fungatur:

227 938 360 1008 uterque
372 924 539 989 Ordinario
555 925 689 990 traditur
704 928 772 1008 qui,
795 926 890 1010 piena
908 925 1194 1014 Causaecoguitiou

227 1016 351 1097 adepti,
364 1015 447 1077 diem
461 1017 624 1078 constituit
639 1017 670 1078 in
682 1035 745 1098 qua
757 1014 966 1098 disceptanda
979 1029 1015 1080 et
1029 1022 1194 1086 resolverit

225 1107 277 1180 eit,
298 1121 413 1166 curans
429 1113 463 1166 ut
477 1113 641 1168 accusatus
654 1103 770 1167 certior
784 1103 897 1168 dehoc
912 1107 985 1168 liat.

265 1192 400 1257 XXXiV.
417 1227 455 1244 -
480 1194 535 1256 Die
559 1193 729 1257 constituta
755 1196 945 1277 proponitur
973 1197 1091 1263 Causa
1118 1219 1192 1264 curan

226 1285 343 1347 vicario
364 1283 522 1364 generali,
554 1283 817 1346 interessentibus
846 1283 1069 1350 Procuratore
1102 1289 1194 1351 fiscali.

226 1372 394 1435 Deseruere
408 1381 440 1435 et
453 1371 660 1434 Cancellario.

265 1461 390 1525 XXXV.
411 1495 448 1510 -
463 1459 535 1524 Post
554 1472 663 1525 votum
689 1459 902 1527 Procuratoris
927 1461 950 1524 F
954 1463 1016 1526 isci
1034 1475 1074 1529 et
1104 1469 1197 1530 deine

227 1553 326 1615 tiones
340 1549 533 1614 defensionis
555 1549 714 1630 protertur
738 1553 906 1626 sententia,
929 1551 1099 1620 dictando
1113 1558 1196 1638 disp:-

226 1641 350 1703 sitivam
378 1639 586 1716 Cancellario‚
612 1657 686 1702 cum
704 1642 853 1722 explicita
882 1643 1071 1718 mentione,
1091 1647 1120 1708 in
1141 1663 1195 1706 roan

225 1730 451 1806 damnationis,
463 1731 626 1793 canonice
642 1729 814 1792 sanctionis
828 1739 978 1808 accusato
990 1734 1165 1814 applicata.

265 1817 398 1881 XXXVI.
415 1851 449 1868 -
467 1819 630 1881 Sententia
643 1818 793 1881 indicitur
808 1828 987 1900 praetento,
1000 1825 1063 1903 qui
1083 1821 1187 1906 appelia-

225 1908 344 1972 tionem
360 1907 562 1991 interponere
572 1905 1182 1990 potestadAuotoritatemecclesiasticam

225 1999 432 2081 superiorem.

266 2086 415 2150 XXXVll.
429 2121 465 2135 -
475 2085 533 2152 Pro
541 2085 759 2168 appellatione
770 2093 1080 2152 servanturnormae
1094 2095 1193 2151 statute

224 2193 243 2241 a
271 2177 501 2241 Constitutione
523 2175 573 2240 At
587 2173 757 2238 militantes
779 2195 808 2240 s.
838 2191 885 2237 m.
917 2173 1043 2239 Bened.
1075 2174 1150 2248 xlv,
1168 2173 1196 2234 ιι]

227 2267 331 2328 martii
348 2263 436 2342 titt,
454 2265 587 2349 aliaeque
600 2273 757 2327 emanatas
769 2263 879 2327 abhoc
892 2261 925 2326 S.
942 2262 1196 2346 congregatione.

225 2357 352 2420 decreto
380 2355 419 2417 18
450 2354 627 2418 decembris
651 2353 759 2417 18351
790 2359 820 2417 et
846 2353 953 2416 littera
975 2353 1132 2418 circulari
1150 2351 1196 2415 dic

226 2449 260 2510 1ι
278 2446 412 2527 Aupttati
437 2445 525 2507 litut.

265 2533 428 2599 XXXVlll.
439 2571 478 2582 —
491 2532 684 2616 Comparitio
699 2552 758 2615 pro
770 2529 986 2616 appellatione
1002 2532 1153 2598 iacienda
1163 2540 1195 2593 ert

225 2625 308 2688 inira
327 2625 499 2688 terminum
521 2621 632 2688 decem
660 2623 785 2686 dierum
798 2620 831 2698 ‘a'
844 2621 1068 2687 notificatione
1083 2634 1194 2687 sentcn-

225 2715 294 2790 tiae;
312 2731 376 2796 qno
402 2715 538 2777 termino
568 2712 725 2776 inutiliter
753 2712 874 2794 elapso,
893 2713 1058 2775 sententia
1087 2711 1192 2796 ipsein

226 2805 422 2868 executionis
436 2811 519 2868 statu
536 2803 702 2884 reperitur.

265 2891 400 2954 XXXlX.
418 2926 458 2939 -
471 2891 658 2975 Interposita
670 2889 882 2973 appellatione
899 2889 985 2953 inira
1003 2891 1111 2954 decem
1122 2888 1187 2954 dire

224 2982 321 3046 Curia
342 2983 461 3062 absque
477 2997 564 3042 mora
579 2981 710 3042 remittit
722 2980 760 3042 ad
777 2980 1009 3043 Auctoritatem
1024 2973 1183 3044 eeclesiasti-

225 3091 295 3134 cam
311 3069 612 3154 superioremapud
630 3087 726 3150 qnam
742 3069 913 3151 appellatio
928 3068 1013 3136 lacte
1029 3079 1190 3144 estomnet

225 3171 314 3224 artus
337 3163 446 3223 Causae
474 3156 657 3239 originales,
672 3159 704 3220 id
725 3167 772 3222 est
787 3176 986 3240 processum,
1011 3159 1195 3224 restrictum.

225 3249 425 3313 defensiones
438 3258 470 3311 et
482 3247 681 3316 seutentiam.

265 3337 327 3402 XL.
344 3373 382 3387 -
398 3341 575 3403 Auctoritas
589 3335 801 3401 ecclesiastica
820 3334 978 3417 superior,
993 3337 1089 3420 capta
1101 3331 1198 3414 cogni·

256 3550 278 3602 l.
290 3551 338 3600 lioc
353 3549 480 3600 decretum
491 3543 568 3597 hahet
583 3544 610 3598 in
626 3543 872 3600 exterioritatum
884 3541 962 3608 hujus
974 3540 1161 3600 instructionis.
