2452 3984
476 257 563 308 arara
584 259 714 312 umarus
1020 263 1078 324 263

144 373 237 434 6232.
256 369 306 434 Sic
319 373 351 434 2⁰
369 391 384 432 r
398 371 451 453 qui
466 371 637 454 impediunt
648 377 800 458 regulares
810 381 958 446 ordinum
967 383 1078 448 Mundi·

100 481 117 523 r
144 461 283 524 cantium
298 478 337 523 ne
351 461 560 542 eleemosynas
575 467 767 546 expostulent
782 474 833 532 aut
847 471 1003 552 recipiant,
1019 491 1076 536 ex·

97 574 117 611 n
143 553 423 627 communicantur,
438 550 463 613 si
479 550 540 613 sint
560 552 716 618 interiores
737 557 913 640 Episcopis3
934 561 1075 642 Episcopi

98 663 118 702 a
144 640 228 717 rard,
251 639 275 700 si
290 638 448 715 admoniti,
470 645 630 706 retractare
655 645 874 726 prohibitiones
894 649 913 711 d
931 667 962 712 se
984 639 1077 714 factas

98 735 130 789 υ·
144 729 177 790 i'n
185 727 400 790 detrimentum
408 727 519 793 horum
535 732 719 810 regularium
728 737 1077 811 recusent,interdicun·

98 841 115 878 ι
143 825 194 880 tur
207 817 245 878 ab
257 817 397 898 ingressu
408 819 555 894 ecclesia,
569 825 599 882 et
615 825 752 904 suspensi
766 831 837 886 sunt
852 825 868 886 a
884 827 1031 908 regimine
1045 827 1075 891 et

98 931 115 968 r
143 906 403 970 administratione
426 926 488 972 suae
513 909 663 972 diaecesis.
692 911 794 974 donst.
826 914 900 976 Sixti
922 917 962 977 lv
989 915 1075 978 Sarra

99 1019 116 1057 a
143 996 216 1058 anni
229 999 317 1059 tara.
334 1015 350 1054 r
369 999 461 1059 -De
473 997 520 1060 his
534 998 602 1060 silet
616 1000 648 1060 C.
665 999 767 1081 Apost.
785 1001 882 1065 Sedis

142 1088 233 1148 6233.
246 1085 302 1158 Oui
315 1085 908 1173 usurpantjurisdictioneminregulares
918 1101 1075 1175 exemptos

100 1178 223 1238 Sanctae
236 1174 305 1237 Sedi
320 1175 495 1238 immediata
509 1177 671 1258 subjectos,
689 1179 848 1244 incurrunt
861 1185 1073 1246 excommuni-

99 1265 255 1326 cationem
272 1262 401 1326 Summo
416 1265 555 1328 Pontifici
568 1277 747 1331 reservatam
767 1289 802 1333 ax
818 1271 904 1335 Bulla
924 1273 961 1336 Ia
986 1274 1075 1338 Caena

97 1353 237 1426 Domini,
248 1353 325 1434 §l't
341 1353 415 1417 Vide
425 1353 570 1430 Ferraria,
583 1367 613 1419 v⁰
623 1359 919 1440 Eucamuruniaatio,
927 1369 982 1425 art.
991 1369 1019 1426 2.
1031 1367 1075 1428 De

98 1442 149 1506 his
162 1441 255 1504 rideri
266 1449 365 1523 potest
379 1462 530 1508 excomm.
542 1449 581 1508 Xt
598 1449 768 1528 specialiter
782 1469 840 1513 res.
855 1452 887 1516 G.
902 1452 960 1534 Ap.
980 1451 1072 1517 Sedis.

141 1533 185 1594 De
198 1533 442 1610 exemptionibus
458 1534 524 1598 vide
538 1535 613 1598 dicta
630 1556 720 1620 supra
737 1539 906 1626 (tus-620).

517 1709 599 1774 ΛΒΤ.
621 1709 667 1774 Vl.

501 1846 545 1891 nu
566 1847 690 1893 uuam.

146 1987 394 2071 tautologiam
409 2007 500 2052 sensu
515 1989 657 2052 latissimo
671 1989 813 2052 definitur
827 1991 844 2051 ia
858 1989 911 2052 Del
932 1989 988 2052 llio
1001 1991 1078 2052 :Ara

107 2095 157 2138 sera
168 2077 317 2160 facultas,
333 2079 364 2141 ui
377 2077 476 2141 areatat
488 2085 517 2141 et
536 2097 592 2140 aare
612 2078 843 2160 supernaturali,
858 2079 987 2160 quaedam
1001 2081 1079 2141 mira

107 2175 137 2230 et
155 2167 278 2230 insolita
297 2167 449 2251 efficiendi
469 2188 594 2250 quaram
619 2167 698 2229 ratio
716 2187 829 2230 seumm
851 2176 881 2230 et
902 2187 1079 2230 communem

105 2255 256 2318 hominum
266 2265 383 2339 captum
391 2265 511 2340 superat
526 2257 696 2338 (Bisqur’ait.
714 2258 847 2340 magicae,
856 2257 909 2320 lib.
919 2261 1024 2339 l,cap.
1036 2259 1075 2338 ἢ).

106 2345 222 2408 Adana
234 2346 378 2410 miracula
386 2345 531 2430 operandi
545 2345 644 2408 differt
657 2347 756 2428 magia
765 2348 797 2408 in
810 2347 936 2429 eoqudd
945 2347 1078 2408 miraeu-

106 2433 172 2496 lum
194 2437 220 2498 ri
239 2436 477 2519 supernaturali,
498 2454 623 2499 ornnem
644 2441 820 2517 potestatem
838 2441 971 2498 creatam
992 2453 1077 2516 supe·

106 2529 204 2602 rante,
220 2527 414 2607 producatur.

147 2615 237 2677 6235.
264 2615 398 2697 Duplicis
421 2617 542 2700 generis
561 2619 607 2678 est
629 2614 748 2696 magia,
775 2611 924 2674 naturalis
947 2631 1076 2696 nempe,

105 2722 176 2785 quae
186 2707 262 2768 mira
275 2711 305 2768 et
314 2706 431 2769 insolita
443 2707 559 2789 peragit
568 2701 675 2766 mediis
681 2721 749 2784 quae
762 2699 996 2764 uireshumanas
1015 2721 1077 2769 non

104 2793 274 2875 excedunt,
290 2797 387 2878 qualis
405 2803 450 2859 est
463 2815 511 2859 ars
529 2793 825 2878 praestidigitatorum
847 2793 1075 2875 (escamateurs);

104 2887 137 2944 et
150 2885 249 2967 magia
262 2906 319 2948 aaa
332 2886 497 2966 naturalis,
512 2903 582 2968 quae
595 2883 673 2946 mira
693 2888 834 2966 operatur
848 2882 955 2944 mediis
968 2881 1077 2946 huma-

105 2989 177 3036 nam
197 2981 374 3056 potestatem
394 2975 621 3058 superantibuS,
641 2973 810 3036 interventu
829 2971 965 3034 videlicet
985 2971 1077 3052 spiri*

104 3069 192 3126 tuum
206 3063 332 3129 homine
345 3067 536 3150 superiorum
550 3084 558 3127 :
574 3063 612 3127 de
629 3063 686 3127 hta
703 3061 835 3126 secunda
848 3063 956 3142 magiae
976 3059 1076 3140 speeie

103 3151 153 3215 hic
175 3155 295 3218 tantirm
319 3157 438 3238 agitur,
460 3161 491 3218 et
508 3153 650 3217 dividitur
667 3152 700 3214 in
722 3151 820 3214 aldam
842 3157 871 3212 et
891 3151 1020 3230 uipram.
1038 3179 1077 3195 -

103 3241 182 3305 Atta
199 3261 255 3307 seu
274 3243 428 3326 tleurpia,
442 3245 467 3308 si
488 3245 592 3306 revera
612 3242 768 3319 existeret,
788 3240 865 3302 mira
881 3240 1075 3318 operaretur,

103 3351 159 3414 per
167 3335 222 3396 Dei
237 3340 267 3396 ct
277 3333 428 3397 bonorum
443 3333 628 3415 Angelorum
641 3332 842 3394 interventum
853 3325 963 3388 :talem
975 3327 1076 3386 summ

102 3429 199 3486 artem
213 3425 294 3486 Deus
307 3412 370 3486 nou
384 3423 531 3498 instituit,
547 3421 600 3484 aed
613 3420 757 3484 duntaxat
770 3417 903 3498 aliquam
916 3414 990 3493 (uon
1004 3413 1074 3476 verd

101 3531 225 3597 semper
244 3519 274 3577 at
291 3531 347 3596 per
363 3512 464 3577 media
477 3531 546 3594 quaa
560 3529 597 3574 ex
615 3529 647 3574 sc
660 3525 752 3574 suum
772 3509 898 3568 exerunt
917 3501 1072 3587 ett'ectuml

102 3603 287 3686 quibusdam
300 3601 439 3666 concedit
450 3607 626 3684 potestatem
640 3595 785 3661 miracula
799 3593 947 3675 patrandi.
961 3596 998 3654 At
1012 3591 1077 3654 haec

101 3697 237 3773 potestas
255 3691 380 3758 minima
401 3689 501 3766 mucia
522 3686 665 3770 appellari
686 3688 794 3764 potest.
819 3702 835 3742 r
857 3681 914 3757 Qui
932 3700 970 3745 ex
995 3679 1075 3742 dour
