2548 3988
500 326 586 380 111111
605 305 737 381 manus.
1043 308 1101 382 631

132 453 149 494 1
176 449 299 511 comm,
312 431 358 496 vel
372 432 648 498 concedendorum.
664 455 680 494 1
703 435 782 515 Ergo
796 451 851 516 per
863 431 973 497 dictem
986 433 1102 503 Bullam

132 523 315 606 derogatum
337 521 393 584 fuit
405 521 539 589 Concilio
556 522 751 599 Tridentium
776 539 834 585 nec
852 523 949 585 obstat
969 524 1050 606 qudd
1069 543 1104 588 er

130 629 202 696 cup.
215 611 271 674 Ee
278 617 386 693 porte,
406 609 561 693 (locopell.
576 611 720 689 moncel,
740 630 794 693 per
808 611 973 674 clausulam
984 631 1107 693 genera·

130 701 215 778 lem,
240 718 303 762 non
324 706 502 763 revocentur
528 699 682 764 facultates
695 719 750 782 per
772 699 940 764 Concilium
962 703 1106 766 Generale

133 807 288 853 concessae
304 807 312 850 :
328 807 399 852 nam
422 788 622 871 respondetur
635 787 692 852 hoo
705 807 771 852 asse
791 807 897 854 verum
913 789 952 852 de
965 789 1106 855 clausulis

132 877 325 962 generalibus
338 877 528 940 revocamrlis
542 896 610 960 quea
624 875 655 940 ln
669 878 820 960 rescriptis
830 877 1004 942 inseruntur
1015 927 1023 955 ,
1034 879 1106 960 quis

131 968 235 1031 stricte
260 965 385 1048 intelligi
406 965 518 1028 debent
536 965 679 1029 clausulae
701 967 930 1048 rescriptorum,
953 985 1015 1029 non
1035 969 1106 1030 verb

130 1056 172 1118 de
194 1055 335 1118 clausulis
358 1073 427 1136 quea
449 1055 623 1117 inseruntur
637 1055 905 1118 constitutionibus
929 1053 1103 1135 Pontificiis,

132 1163 203 1228 quae
223 1161 286 1206 non
306 1144 347 1205 its
366 1141 468 1205 stricte
488 1147 558 1204 sunt
577 1133 788 1224 intelligendae.
811 1133 958 1206 Praeterea
972 1141 1106 1208 clausula

133 1229 229 1295 Rullo
238 1232 450 1296 Coeaaelnserlc
460 1229 644 1294 sufficienter
657 1237 700 1293 est
712 1229 1104 1312 derogatorlaConciliiTrl-

131 1321 230 1397 dent,
250 1321 322 1383 oum
346 1337 407 1382 non
430 1319 520 1381 luerit
539 1317 620 1382 aliud
641 1319 809 1382 Concilium
830 1319 912 1402 quod
932 1319 1104 1384 lecultatom

131 1409 306 1475 absolvendi
320 1409 358 1471 ab
371 1407 475 1471 haeresi
485 1415 514 1470 et
524 1409 717 1472 alliscasibus
731 1409 856 1472 occultis
865 1405 1020 1491 Episcopis
1034 1427 1105 1471 con-

131 1499 266 1562 cesserit.
291 1500 335 1560 lta
360 1503 543 1560 censuerunt
562 1497 662 1580 quosd
691 1493 849 1574 heresim,
876 1499 907 1560 S.
937 1497 1008 1560 Plus
1028 1499 1054 1557 V
1074 1505 1103 1562 el

131 1584 228 1650 Clem.
241 1579 323 1664 Vlll,
337 1588 371 1649 ul
389 1589 436 1648 est
453 1582 553 1647 videre
574 1603 623 1668 ap.
640 1587 671 1648 S.
694 1585 815 1668 Lignor.
833 1573 895 1666 (llb.
909 1591 945 1660 ’1,
968 1588 1002 1648 nl
1020 1586 1069 1667 83)
1092 1607 1100 1650 =

131 1675 248 1739 accedit
265 1673 303 1738 ad
316 1673 382 1737 haec
399 1671 553 1736 damnatio
567 1675 711 1757 proposit.
727 1677 764 1751 3,
784 1675 822 1737 ab
842 1671 1011 1737 Alexandro
1031 1677 1101 1754 Vll,

128 1765 170 1826 2l
184 1769 260 1846 sept.
273 1765 362 1840 1665,
378 1781 447 1846 quae
462 1763 504 1825 sio
513 1759 603 1824 habet
619 1781 626 1823 :
642 1785 657 1822 1
671 1763 823 1825 Sententia
837 1781 973 1826 asserens
985 1763 1102 1829 Rullum

126 1873 145 1946 p
173 1853 270 1916 Coenoe
283 1851 382 1916 sollum
397 1849 554 1934 prohibere
569 1849 787 1912 absolutionem
799 1849 921 1913 haeresls
934 1857 963 1913 et
973 1851 1101 1915 eliorum

127 1963 144 2007 a
171 1942 355 2017 criminum,
379 1939 502 2022 quando
525 1939 642 2019 publice
662 1944 747 2012 sunt,
773 1943 803 2000 11
826 1939 856 1999 id
877 1953 939 2001 non
958 1939 1101 2020 derogare

129 2045 146 2097 1
170 2029 301 2093 lacultati
314 2028 481 2092 Tridentini
495 2027 527 2090 ln
541 2027 652 2109 quade
666 2023 790 2088 occultis
803 2025 980 2088 criminibus
1002 2045 1102 2090 sermo

131 2134 148 2182 11
172 2127 233 2190 est,
253 2115 562 2196 1111161916111111,
585 2115 617 2177 in
633 2115 816 2178 Consistorio
831 2116 929 2178 Sacrae
951 2115 1098 2197 Congreg.

129 2229 146 2270 1
171 2208 325 2270 Eminenl.
349 2205 554 2267 Cardinalium
574 2204 635 2268 vise
655 2209 686 2267 et
705 2203 828 2267 tolerata
848 2207 903 2266 est.
924 2223 939 2262 1
963 2202 1036 2266 Vide
1050 2220 1098 2286 ap.
1131 2257 1134 2260 .

129 2293 383 2373 oeneumvme
397 2292 488 2376 Syn,
501 2291 553 2354 llb.
564 2294 595 2372 9,
608 2295 674 2371 cl,
686 2291 727 2356 η’·
742 2297 801 2357 det
812 2293 870 2375 lup
884 2293 1100 2377 eldlctasupra

130 2383 332 2472 (11661169,
348 2385 442 2460 6119,
459 2381 564 2459 6160).

169 2475 259 2536 6115.
281 2469 362 2534 Nato
382 2471 413 2532 1ο
433 2467 516 2551 qudd
529 2467 599 2531 licet
621 2467 759 2550 Episcopi
782 2473 933 2548 nequeant
948 2467 1100 2532 absolvere

128 2559 167 2626 ab‘
183 2560 289 2624 lraeresl
308 2559 440 2635 occulta,
457 2561 585 2640 possunt
603 2561 705 2619 tamen
724 2555 944 2637 dispensarem
959 2555 1099 2637 irregulu·

128 2649 214 2714 ritate
237 2667 273 2712 ex
301 2647 408 2712 haereal
435 2646 552 2710 occultu
578 2646 741 2708 contrecta.
766 2643 797 2706 S.
821 2644 957 2726 Lignea,
980 2645 1032 2708 lib.
1057 2651 1097 2726 7,

129 2755 150 2801 n
169 2742 259 2870 blfld
276 2801 995 2883 01116111111116111111111111111111111111,
1011 2817 1099 2864 com·

129 2897 263 2962 maniter
276 2895 350 2959 olim
366 2895 445 2958 relat
461 2899 577 2957 eertum
592 2891 759 2955 habebatur
773 2892 938 2974 Episcopus
952 2909 1040 2973 posse
1055 2888 1098 2954 uti

128 2988 269 3052 facultate
284 2987 357 3068 ipsis
380 2985 398 3047 6
418 2982 594 3048 Tridentina
609 2982 743 3065 synodo,
762 2982 785 3044 si
809 2982 927 3044 luerent
940 2985 1099 3042 reservate

130 3083 199 3138 ante
211 3077 321 3140 dictam
335 3075 513 3157 6111161111
529 3073 554 3135 11
569 3089 640 3135 1111
655 3071 778 3134 luerunl
790 3075 945 3132 reservate
960 3066 1097 3148 posthoc

130 3165 309 3244 Concilium,
323 3163 533 3246 disputabatur
554 3168 657 3227 utrum
680 3162 717 3224 ad
732 3159 808 3223 tales
820 3173 963 3222 censores
977 3155 1097 3218 extendi

127 3259 245 3340 poterat
259 3255 471 3336 privilegiuma
481 3271 548 3335 cap.
564 3253 666 3315 Liceat
676 3267 877 3325 conoessum3
900 3245 1096 3308 raldetamen

126 3343 321 3432 probabiliter
335 3343 549 3422 affirmabatur,
561 3343 585 3406 si
596 3342 626 3404 in
640 3333 1093 3406 (111116111111111111161166161,

124 3423 1089 3524 quibuslisbetreservationileesetderogelorlumConcililTrld.

123 3533 163 3600 Ul
177 3535 276 3594 autem
291 3525 515 3608 derogatorium
534 3521 637 3586 heberi
658 3520 801 3592 debebat,
816 3516 840 3579 sl
858 3515 890 3577 in
905 3513 991 3577 Bulla
1008 3513 1094 3578 dice·

123 3621 233 3686 betur:
260 3640 277 3680 a
299 3621 322 3679 1
345 3618 419 3699 qua,
431 3621 633 3699 preterquam
647 3612 666 3674 l
678 3613 817 3672 Romarm
829 3602 975 3669 Pontifice
988 3605 1044 3668 nisi
1060 3605 1092 3666 ia

121 3731 139 3780 a
161 3707 292 3775 articulo
305 3705 424 3784 mortis,
436 3702 551 3770 absolu
570 3705 701 3774 nemreat
712 3701 809 3765 orout
821 3693 934 3760 dicitur
956 3693 990 3758 in
1007 3694 1090 3758 Bulla
