2466 4258
195 230 254 290 rao
406 244 546 293 utrumn
565 244 670 291 rorrns
690 244 772 292 rnrrs
792 243 950 291 amorrui.

195 363 303 425 adesse
316 361 454 440 debebit,
477 363 526 426 vel
545 361 655 426 saltem
673 379 753 426 nora
774 361 844 426 baeo
869 361 982 424 eidem
1011 366 1188 429 communi·

196 451 419 525 maduerunt,
442 462 476 514 ut
491 471 548 533 pro
564 470 695 515 munere
717 470 774 514 suo
791 471 827 514 aa
846 451 1052 532 expendere,
1070 463 1102 516 et
1115 475 1189 537 qua·

195 549 288 604 mnus
299 559 379 623 opus
395 540 609 618 esseduxerit,
628 541 772 624 proprias
793 541 1105 608 animadversiones
1134 545 1189 608 iltis

196 647 360 712 opponere
375 631 488 694 valeat.

237 719 286 782 tl.
316 719 446 802 Expieto
471 720 618 784 examine
641 718 737 804 primi
763 737 943 807 processus,
974 730 1008 786 et
1040 724 1190 807 impositu

196 811 260 873 tine
274 809 679 891 norisinrestigationibus,
691 807 788 890 judex
808 811 1043 892 appellationis
1060 813 1189 876 debebit

197 899 361 980 exquirere
375 919 393 962 a
407 899 574 963 deieusore
589 898 797 975 matrimonii,
812 908 920 963 utrum
935 900 1071 984 aliquid
1086 903 1188 966 adbuc

196 987 313 1051 habeat
326 988 548 1053 deduoendum
570 999 626 1051 eut
641 989 891 1070 inquirendum
907 999 939 1054 et
969 999 1141 1072 quatenos
1161 1011 1187 1054 se

198 1079 242 1141 nil
258 1079 395 1160 amplius
418 1078 673 1154 baberedixerit,
691 1078 806 1141 auditis
823 1079 909 1157 prius
921 1081 1035 1158 modo,
1051 1099 1121 1164 quo
1138 1101 1185 1144 sn-

199 1187 254 1252 pra
269 1167 464 1230 declaratum
479 1176 537 1247 est,
555 1168 717 1249 aliquibus
732 1167 808 1230 viris
822 1168 853 1230 ln
878 1167 1014 1232 seientia
1028 1169 1119 1252 Juris
1134 1190 1185 1252 pe-

199 1259 277 1332 ritis,
295 1260 483 1319 sententiam
511 1255 742 1339 pronuntiabit,
774 1257 883 1320 omnia
907 1261 1088 1336 servando,
1119 1279 1186 1341 qua

200 1365 259 1430 pro
272 1344 424 1408 tribunali
442 1347 552 1428 primae
569 1347 727 1407 instantiae
739 1347 924 1426 praescripta
937 1345 1088 1412 suerunt.

238 1435 287 1496 28.
302 1435 432 1510 Quando
449 1446 581 1516 utraque
590 1435 748 1498 sententia
762 1433 934 1497 conformis
945 1455 1005 1517 pro
1021 1437 1184 1500 validitate

199 1525 337 1604 conjugii
360 1525 565 1605 pronuntiata
588 1524 640 1600 sit,
669 1523 746 1586 sciat
760 1531 866 1585 tamen
893 1542 967 1606 pars
989 1526 1184 1608 impugnans

200 1614 450 1688 matrimonium,
467 1614 527 1674 sibi
541 1612 646 1676 adhue
662 1613 795 1676 omnino
809 1619 918 1693 patere
932 1614 1181 1695 appellationem

200 1704 238 1765 ad
251 1701 463 1782 apostolicam
479 1699 603 1766 Sedem.
621 1701 652 1763 Si
669 1719 764 1782 porro
781 1703 811 1763 in
829 1701 972 1764 secunda
984 1721 1082 1786 aeque
1102 1709 1176 1767 acin

199 1792 302 1874 prima
318 1793 474 1854 sententia
489 1789 615 1854 nullum
632 1807 669 1852 ao
693 1789 818 1852 irritum
835 1789 1083 1855 matrimonium
1105 1793 1172 1872 judi-

200 1889 306 1944 catum
322 1879 426 1958 luerit,
443 1889 471 1942 et
487 1881 528 1943 ab
543 1898 579 1942 ea
595 1897 668 1962 pars
683 1877 732 1942 rei
746 1877 892 1941 deiensor
923 1897 983 1962 pro
1007 1898 1071 1946 sua
1091 1899 1162 1943 oons-

201 1969 315 2034 eierttia
328 1988 391 2033 nott
413 1969 582 2032 crediderit
594 1967 834 2049 appellandum,
850 1969 1057 2049 inpotostate
1083 1979 1109 2032 et
1126 1987 1166 2031 ar·

201 2060 294 2122 bitrio
308 2060 528 2140 oorrjugnmsit
543 2057 777 2138 novasnuptias
789 2057 991 2137 contrahere,
1009 2059 1173 2124 dummodo

201 2149 295 2212 alieni
311 2167 421 2211 eorum
436 2149 478 2210 ob
506 2145 634 2230 aliquod
652 2147 916 2225 impedimentum
941 2147 996 2210 vei
1011 2147 1176 2229 legitimam

201 2257 329 2301 eausam
345 2238 374 2300 id
393 2239 523 2300 vetitum
535 2255 598 2300 non
615 2237 666 2300 sit.
684 2238 824 2300 Potestas
837 2246 945 2299 tamen
958 2247 1036 2318 post
1055 2239 1177 2302 alteram

202 2329 391 2391 sententiam
406 2326 602 2392 coniormem
616 2335 650 2388 ut
665 2343 772 2408 supra,
789 2325 981 2408 conjugibus
998 2325 1083 2390 laeta
1095 2330 1179 2390 intet-

202 2417 327 2496 ligatur,
345 2416 433 2480 salvo
446 2434 568 2496 semper
589 2423 620 2476 et
633 2415 724 2476 firmo
740 2426 927 2476 remanente
936 2413 1079 2495 jureseu
1091 2419 1179 2499 priri-

202 2507 284 2586 legio
297 2523 462 2570 causarum
480 2503 777 2581 matrimonialium,
795 2521 867 2585 quae
887 2501 930 2565 ob
950 2505 1177 2586 cujuscumque

203 2597 353 2677 temporis
365 2596 487 2678 lapsum
503 2611 670 2674 nunquam
685 2592 892 2655 transeuntia
907 2592 1155 2674 remjudieatam
1168 2615 1176 2672 ;

203 2686 255 2749 sed
272 2684 296 2746 si
313 2702 395 2747 nova
422 2703 481 2760 res,
499 2701 571 2764 quas
597 2699 661 2744 non
684 2679 820 2744 deducta
837 2678 885 2742 rel
909 2679 1057 2760 ignorata
1079 2683 1173 2754 tuerit,

203 2773 375 2854 detegatur,
391 2775 507 2834 resumi
525 2777 659 2851 possunt
678 2777 708 2830 et
727 2785 836 2831 rursus
852 2768 884 2830 in
905 2767 1094 2848 judioiaiem
1110 2789 1173 2833 eon·

204 2863 383 2926 troversiam
397 2861 549 2923 revocari.
566 2859 653 2934 Quod
671 2857 696 2920 si
712 2876 730 2920 a
744 2857 882 2922 secunda
902 2860 1061 2922 sententia
1086 2877 1168 2938 super

204 2951 348 3015 nulitate
364 2950 411 3013 rel
428 2948 525 3011 altera
542 2966 614 3031 pars
630 2946 851 3030 appellaverit,
870 2945 920 3008 uel
950 2947 1092 3012 detentor
1102 2963 1159 3006 raa·

204 3039 343 3104 trimonii
355 3042 383 3101 ei
405 3038 494 3099 salva
507 3038 700 3101 conscientia
714 3034 988 3117 acquiescendum
1006 3057 1066 3104 non
1079 3043 1163 3118 putet,

205 3131 280 3210 quia
291 3127 350 3189 sibi
365 3131 411 3188 rel
435 3126 601 3189 manifeste
630 3126 747 3207 injusta
774 3125 824 3187 rel
837 3124 974 3188 aliunde
989 3127 1118 3192 invalida
1134 3125 1171 3184 ri·

205 3219 326 3290 deutur,
343 3233 375 3277 re
388 3223 453 3278 tota
466 3216 506 3279 ad
519 3213 549 3278 S.
568 3213 681 3278 Sadem
702 3213 816 3290 delata,
833 3214 964 3278 interim
980 3216 1172 3282 firmaremn-

209 3317 278 3370 neat
313 3307 439 3386 utrique
465 3305 591 3386 conjugi
619 3302 792 3387 probibitio
829 3303 869 3367 ad
899 3303 983 3368 alias
1005 3303 1172 3372 umaurdt

207 3409 347 3478 nuptias.
