2452 3984
193 238 253 301 200
415 255 552 302 nxnuxne
571 256 672 304 rouus
690 255 774 303 sunrs
793 255 941 303 cxuomcr.
1208 192 1216 297 i

233 356 297 414 XV.
311 354 410 416 ludex
424 353 533 415 deiude
547 353 603 416 eibi
618 353 751 418 exhiberi
765 353 837 416 iacit
849 360 915 417 acta
929 356 1038 418 omnic
1051 373 1157 434 oense,
1212 336 1221 418 ἴ

195 447 245 519 ot,
260 443 299 544 iis
316 443 475 525 diligenter
487 443 697 525 perscrutatis,
712 442 847 525 prolerre
863 442 957 506 voleat
969 449 1089 508 rectem
1103 463 1159 507 sen-
1213 465 1221 474 ·‘

193 535 1160 704 tergillffizlililgs--llVl.lieeitotio'neadsententium.llisbeuitperpeu
1211 587 1221 651 .'

193 709 234 772 sis
248 710 377 772 citantur
394 717 493 792 portes
512 710 551 773 od
568 709 750 774 audiendum
770 708 956 772 definitivam
970 712 1158 786 seutentiam
1212 714 1219 831 p

194 817 262 879 quae
272 799 426 862 continere
440 799 528 862 debet
537 797 823 862 condemnationem
834 797 880 860 vel
889 797 1116 864 absolutionem
1125 801 1160 861 rei
1218 831 1219 834 ¹

193 889 333 950 conventi
351 909 358 949 :
374 889 447 951 eliis
461 907 523 951 non
537 888 623 952 vaiet.
1215 889 1216 892 ’

233 978 322 1039 XVll.
345 977 742 1042 Deeceeutionesententioe.
758 977 878 1040 Prolati
891 979 1065 1055 sententie,
1088 977 1162 1040 sire
1220 999 1221 1040 l

194 1065 254 1128 lide
274 1066 311 1128 sit
334 1065 412 1128 etab
426 1069 462 1128 etl
481 1084 542 1128 non
556 1065 645 1130 luerit
660 1067 843 1148 appellatum
860 1065 938 1128 inire
958 1065 1072 1130 decern
1087 1065 1161 1142 dies,
1212 1108 1217 1155 :

194 1154 364 1216 executioni
376 1153 551 1232 mandotu1·;
566 1155 628 1218 imo
640 1156 672 1217 in
683 1155 864 1238 quibusdam
873 1155 985 1234 causis,
996 1155 1161 1220 executioni

195 1249 293 1325 potest
304 1242 496 1318 demandari,
512 1244 712 1326 appellatione
727 1243 949 1308 nonobstante.
1220 1263 1221 1304 t

639 1425 658 1509 ᾗ
678 1426 715 1488 11.

347 1551 392 1614 De
404 1550 542 1614 remediis
553 1559 653 1613 eontra
669 1550 810 1632 injustam
823 1555 1008 1613 sententiam.

236 1712 324 1772 6059.
347 1708 464 1786 Triplex
477 1707 644 1771 remedium
659 1711 755 1788 ijure
771 1707 823 1770 luit
838 1713 983 1770 statutum
997 1713 1110 1771 contre
1123 1707 1162 1769 in·
1220 1711 1221 1714 ’

193 1797 304 1877 justam
326 1799 505 1860 sententiam
522 1818 529 1858 :
545 1797 663 1880 querela
687 1815 797 1878 nempe
815 1795 979 1872 nullitotis,
1000 1797 1162 1880 appellatio

195 1896 224 1949 et
245 1888 392 1949 restitutio
413 1888 444 1947 in
463 1889 620 1969 inteprum.
645 1889 711 1949 Duo
732 1887 832 1968 priora
853 1884 987 1948 remedio
1008 1886 1163 1949 ordz'nurio

195 1986 339 2041 vocantur
355 1998 362 2038 :
376 1978 496 2040 tertium
510 1985 555 2038 est
563 1975 835 2038 extraordinarium
847 2020 855 2053 ‚
866 1981 896 2039 ct
909 1973 1034 2038 nonnisi
1050 1974 1162 2040 duobus

197 2067 346 2149 prioribus
358 2065 567 2130 deficientibus
580 2073 624 2128 est
636 2065 851 2128 adhibendum.

571 2271 725 2330 roucourt
742 2273 763 2332 l.

332 2413 369 2457 nn
392 2411 606 2459 xrrnncxrromt
627 2412 665 2458 nr
686 2413 819 2466 ounnrrn
841 2411 1027 2464 romulus.

235 2559 324 2619 6060.
338 2555 416 2618 Nihil
431 2560 475 2617 est
489 2553 537 2616 hlc
549 2553 721 2616 addendum
733 2553 778 2616 his
792 2572 862 2637 quae
875 2573 966 2638 supro
979 2554 1116 2622 diximus
1128 2558 1162 2620 do

195 2645 392 2726 appellatione
407 2647 559 2722 (ott-665,
574 2645 773 2718 totototo„
796 2651 931 2726 superest
943 2663 1017 2727 ergo
1039 2655 1076 2712 ul
1088 2647 1162 2711 dice·

196 2751 264 2796 mus
278 2736 395 2795 tontum
407 2732 445 2794 tle
458 2731 577 2814 querelri
590 2731 751 2794 cullitotis.

236 2821 359 2897 (increta
370 2820 519 2882 ottltitmis
532 2821 633 2882 locum
646 2820 736 2884 habet
745 2820 867 2903 quando
881 2823 1030 2886 sententie
1040 2832 1088 2888 est
1100 2826 1161 2908 ipso

193 2911 261 2990 jure
276 2910 358 2972 nulle
374 2931 381 2971 :
396 2909 453 2971 hoc
466 2909 671 2991 multiplieiter
684 2911 859 2990 contingere
869 2917 984 2994 potest:
1002 2916 1033 2976 {⁰
1048 2915 1159 2978 ratione

193 2999 318 3079 judicie,
333 3000 356 3060 si
372 2999 410 3061 sit
424 2997 543 3080 publice
557 2999 851 3077 excommunicatus,
866 2999 1007 3080 intumis,
1023 3003 1048 3064 si
1063 3005 1103 3066 sit
1115 3002 1160 3064 lai·

196 3109 250 3152 cus
262 3090 291 3151 ln
306 3088 403 3152 causis
417 3087 635 3164 ecclesiasticis,
650 3095 729 3164 eto.;
750 3090 780 3150 2⁰
800 3089 915 3152 ratione
926 3089 1157 3169 jurisdictionis,

196 3179 219 3243 si
232 3179 325 3264 judex
339 3178 518 3253 intonuerit,
531 3176 557 3238 si
570 3177 609 3237 sit
625 3177 853 3258 incompetens,
869 3178 893 3239 si
908 3177 1033 3242 excedat
1055 3181 1159 3242 limites

195 3289 258 3332 suae
270 3267 464 3348 deleget-iouis
474 3313 482 3341 ,
493 3271 550 3328 etc.
564 3285 572 3342 ;
588 3269 619 3327 3⁰
635 3267 749 3328 ratione
763 3267 961 3349 litigantium,
977 3269 1001 3330 si
1017 3269 1157 3332 sententia

196 3359 234 3419 sit
255 3358 368 3438 prolate
386 3357 417 3418 in
438 3355 605 3431 minorem,
627 3355 679 3435 qui
703 3355 734 3416 in
755 3356 868 3435 judicio
891 3355 1026 3420 interluit
1051 3357 1157 3437 absque

197 3447 370 3507 auctoritate
384 3442 545 3506 tutoris'rel
554 3443 714 3519 curatoris;
731 3443 755 3504 si
770 3445 801 3504 in
814 3451 1003 3526 exemptum3
1017 3447 1042 3509 si
1057 3449 1087 3508 in
1099 3462 1157 3527 gra·

197 3533 269 3592 tiam
290 3535 397 3594 actoris
417 3529 668 3594 exeommunicati
692 3531 876 3610 denuntiati,
899 3540 974 3610 etc.;
995 3538 1030 3596 4⁰
1050 3537 1157 3598 ratione

199 3618 272 3697 loci,
287 3620 312 3680 si
326 3627 409 3682 extra
423 3619 604 3682 territorium
620 3618 730 3698 pudicis
750 3622 897 3684 sententia
910 3621 966 3686 luit
979 3623 1057 3704 lete,
1071 3623 1115 3686 vel
1129 3623 1156 3685 iu
