<?xml version="1.0" encoding="UTF-8"?>
<!DOCTYPE html PUBLIC "-//W3C//DTD XHTML 1.0 Transitional//EN"
    "http://www.w3.org/TR/xhtml1/DTD/xhtml1-transitional.dtd">
<html xmlns="http://www.w3.org/1999/xhtml" xml:lang="en" lang="en">
 <head>
  <title>
</title>
<meta http-equiv="Content-Type" content="text/html;charset=utf-8" />
  <meta name='ocr-system' content='tesseract 3.04.00' />
  <meta name='ocr-capabilities' content='ocr_page ocr_carea ocr_par ocr_line ocrx_word'/>
</head>
<body>
  <div class='ocr_page' id='page_1' title='image "./manualetotiusju02craigoog/manualetotiusju02craigoog_0328.png"; bbox 0 0 2548 3988; ppageno 0'>
   <div class='ocr_carea' id='block_1_1' title="bbox 468 260 1068 330">
    <p class='ocr_par' dir='ltr' id='par_1_1' title="bbox 468 260 1068 330">
     <span class='ocr_line' id='line_1_1' title="bbox 468 260 1068 330; baseline -0.015 0"><span class='ocrx_word' id='word_1_1' title='bbox 468 279 556 330; x_wconf 81' lang='lat' dir='ltr'><strong>rnre</strong></span> <span class='ocrx_word' id='word_1_2' title='bbox 575 277 708 328; x_wconf 83' lang='lat' dir='ltr'><strong>rrnrms.</strong></span> <span class='ocrx_word' id='word_1_3' title='bbox 1008 260 1068 323; x_wconf 79' lang='grc'><strong>319</strong></span> 
     </span>
    </p>
   </div>
   <div class='ocr_carea' id='block_1_2' title="bbox 92 374 1071 994">
    <p class='ocr_par' dir='ltr' id='par_1_2' title="bbox 92 374 1071 994">
     <span class='ocr_line' id='line_1_2' title="bbox 94 374 1068 462; baseline -0.007 -17"><span class='ocrx_word' id='word_1_4' title='bbox 94 387 128 446; x_wconf 93' lang='lat' dir='ltr'><strong>ut</strong></span> <span class='ocrx_word' id='word_1_5' title='bbox 148 379 264 443; x_wconf 80' lang='lat' dir='ltr'><strong>crimen</strong></span> <span class='ocrx_word' id='word_1_6' title='bbox 285 377 318 442; x_wconf 93' lang='lat' dir='ltr'><strong>in</strong></span> <span class='ocrx_word' id='word_1_7' title='bbox 343 377 464 462; x_wconf 75' lang='lat' dir='ltr'><strong>propriu</strong></span> <span class='ocrx_word' id='word_1_8' title='bbox 488 377 609 440; x_wconf 77' lang='lat' dir='ltr'><strong>dimcesi</strong></span> <span class='ocrx_word' id='word_1_9' title='bbox 633 381 873 440; x_wconf 82' lang='lat' dir='ltr'>consummetur.</span> <span class='ocrx_word' id='word_1_10' title='bbox 902 375 990 442; x_wconf 88' lang='lat' dir='ltr'><strong>Unde</strong></span> <span class='ocrx_word' id='word_1_11' title='bbox 1015 374 1068 458; x_wconf 88' lang='lat' dir='ltr'><strong>qui</strong></span> 
     </span>
     <span class='ocr_line' id='line_1_3' title="bbox 92 465 1070 552; baseline -0.008 -18"><span class='ocrx_word' id='word_1_12' title='bbox 92 470 240 552; x_wconf 79' lang='lat' dir='ltr'><strong>virginem</strong></span> <span class='ocrx_word' id='word_1_13' title='bbox 261 467 429 530; x_wconf 76' lang='lat' dir='ltr'><strong>extraheret</strong></span> <span class='ocrx_word' id='word_1_14' title='bbox 447 469 465 530; x_wconf 78' lang='lat' dir='ltr'><strong>e</strong></span> <span class='ocrx_word' id='word_1_15' title='bbox 485 465 607 549; x_wconf 70' lang='lat' dir='ltr'><strong>proprie</strong></span> <span class='ocrx_word' id='word_1_16' title='bbox 624 465 760 540; x_wconf 88' lang='lat' dir='ltr'><strong>dioecesi,</strong></span> <span class='ocrx_word' id='word_1_17' title='bbox 776 471 807 528; x_wconf 89' lang='lat' dir='ltr'><strong>et</strong></span> <span class='ocrx_word' id='word_1_18' title='bbox 828 474 966 548; x_wconf 87' lang='lat' dir='ltr'><strong>stuprum</strong></span> <span class='ocrx_word' id='word_1_19' title='bbox 987 472 1070 528; x_wconf 84' lang='lat' dir='ltr'><strong>extra</strong></span> 
     </span>
     <span class='ocr_line' id='line_1_4' title="bbox 92 555 1068 636; baseline -0.006 -14"><span class='ocrx_word' id='word_1_20' title='bbox 92 557 247 622; x_wconf 86' lang='lat' dir='ltr'><strong>dioecesim</strong></span> <span class='ocrx_word' id='word_1_21' title='bbox 261 562 505 636; x_wconf 78' lang='lat' dir='ltr'><strong>consummaret,</strong></span> <span class='ocrx_word' id='word_1_22' title='bbox 523 573 585 617; x_wconf 93' lang='lat' dir='ltr'><strong>non</strong></span> <span class='ocrx_word' id='word_1_23' title='bbox 607 555 775 617; x_wconf 82' lang='lat' dir='ltr'><strong>incurreret</strong></span> <span class='ocrx_word' id='word_1_24' title='bbox 787 573 930 617; x_wconf 87' lang='lat' dir='ltr'><strong>censuros</strong></span> <span class='ocrx_word' id='word_1_25' title='bbox 945 555 976 616; x_wconf 95' lang='lat' dir='ltr'><strong>in</strong></span> <span class='ocrx_word' id='word_1_26' title='bbox 998 573 1068 636; x_wconf 91' lang='lat' dir='ltr'><strong>pro-</strong></span> 
     </span>
     <span class='ocr_line' id='line_1_5' title="bbox 93 643 1070 732; baseline -0.005 -22"><span class='ocrx_word' id='word_1_27' title='bbox 93 647 159 732; x_wconf 79' lang='lat' dir='ltr'><strong>prid</strong></span> <span class='ocrx_word' id='word_1_28' title='bbox 179 645 300 709; x_wconf 84' lang='lat' dir='ltr'><strong>dioecesi</strong></span> <span class='ocrx_word' id='word_1_29' title='bbox 324 651 430 708; x_wconf 84' lang='lat' dir='ltr'><strong>contra</strong></span> <span class='ocrx_word' id='word_1_30' title='bbox 452 651 590 728; x_wconf 88' lang='lat' dir='ltr'><strong>stuprum</strong></span> <span class='ocrx_word' id='word_1_31' title='bbox 611 643 780 726; x_wconf 79' lang='lat' dir='ltr'><strong>specialiter</strong></span> <span class='ocrx_word' id='word_1_32' title='bbox 801 643 890 718; x_wconf 84' lang='lat' dir='ltr'><strong>latas;</strong></span> <span class='ocrx_word' id='word_1_33' title='bbox 913 663 1020 719; x_wconf 82' lang='lat' dir='ltr'><strong>secus,</strong></span> <span class='ocrx_word' id='word_1_34' title='bbox 1045 644 1070 706; x_wconf 92' lang='lat' dir='ltr'><strong>si</strong></span> 
     </span>
     <span class='ocr_line' id='line_1_6' title="bbox 93 733 1070 818; baseline -0.006 -18"><span class='ocrx_word' id='word_1_35' title='bbox 93 737 163 818; x_wconf 87' lang='lat' dir='ltr'><strong>quis</strong></span> <span class='ocrx_word' id='word_1_36' title='bbox 182 743 265 798; x_wconf 83' lang='lat' dir='ltr'><strong>extra</strong></span> <span class='ocrx_word' id='word_1_37' title='bbox 278 735 433 799; x_wconf 80' lang='lat' dir='ltr'><strong>dioecesim</strong></span> <span class='ocrx_word' id='word_1_38' title='bbox 455 753 584 797; x_wconf 86' lang='lat' dir='ltr'><strong>manens</strong></span> <span class='ocrx_word' id='word_1_39' title='bbox 602 733 767 796; x_wconf 80' lang='lat' dir='ltr'><strong>mortaliter</strong></span> <span class='ocrx_word' id='word_1_40' title='bbox 782 733 920 796; x_wconf 81' lang='lat' dir='ltr'><strong>vulneret</strong></span> <span class='ocrx_word' id='word_1_41' title='bbox 937 733 1070 814; x_wconf 83' lang='lat' dir='ltr'><strong>aliquem</strong></span> 
     </span>
     <span class='ocr_line' id='line_1_7' title="bbox 92 821 1071 907; baseline -0.005 -19"><span class='ocrx_word' id='word_1_42' title='bbox 92 825 127 888; x_wconf 93' lang='lat' dir='ltr'><strong>in</strong></span> <span class='ocrx_word' id='word_1_43' title='bbox 141 824 262 907; x_wconf 73' lang='lat' dir='ltr'><strong>proprie</strong></span> <span class='ocrx_word' id='word_1_44' title='bbox 277 823 420 897; x_wconf 79' lang='lat' dir='ltr'><strong>dioecesi,</strong></span> <span class='ocrx_word' id='word_1_45' title='bbox 437 823 551 886; x_wconf 85' lang='lat' dir='ltr'><strong>etiamsi</strong></span> <span class='ocrx_word' id='word_1_46' title='bbox 562 822 735 885; x_wconf 83' lang='lat' dir='ltr'><strong>uulneratus</strong></span> <span class='ocrx_word' id='word_1_47' title='bbox 747 828 830 884; x_wconf 83' lang='lat' dir='ltr'><strong>extre</strong></span> <span class='ocrx_word' id='word_1_48' title='bbox 843 821 997 886; x_wconf 86' lang='lat' dir='ltr'><strong>dioeeesim</strong></span> <span class='ocrx_word' id='word_1_49' title='bbox 1008 840 1071 883; x_wconf 90' lang='lat' dir='ltr'><strong>mo·</strong></span> 
     </span>
     <span class='ocr_line' id='line_1_8' title="bbox 95 912 653 994; baseline -0.004 -19"><span class='ocrx_word' id='word_1_50' title='bbox 95 914 200 977; x_wconf 75' lang='lat' dir='ltr'><strong>rietur.</strong></span> <span class='ocrx_word' id='word_1_51' title='bbox 216 915 256 992; x_wconf 90' lang='lat' dir='ltr'><strong>(S.</strong></span> <span class='ocrx_word' id='word_1_52' title='bbox 275 913 412 994; x_wconf 82' lang='lat' dir='ltr'><strong>Liguor.,</strong></span> <span class='ocrx_word' id='word_1_53' title='bbox 427 912 479 975; x_wconf 88' lang='lat' dir='ltr'><strong>lib.</strong></span> <span class='ocrx_word' id='word_1_54' title='bbox 496 917 528 990; x_wconf 83' lang='lat'><strong>7,</strong></span> <span class='ocrx_word' id='word_1_55' title='bbox 543 913 576 973; x_wconf 87' lang='lat' dir='ltr'><strong>n⁰</strong></span> <span class='ocrx_word' id='word_1_56' title='bbox 590 913 653 991; x_wconf 73' lang='lat'><strong>22.)</strong></span> 
     </span>
    </p>
   </div>
   <div class='ocr_carea' id='block_1_3' title="bbox 47 1022 1116 2443">
    <p class='ocr_par' dir='ltr' id='par_1_3' title="bbox 47 1022 1116 2443">
     <span class='ocr_line' id='line_1_9' title="bbox 135 1022 1070 1108; baseline -0.006 -18"><span class='ocrx_word' id='word_1_57' title='bbox 135 1029 224 1090; x_wconf 72' lang='lat'>6392.</span> <span class='ocrx_word' id='word_1_58' title='bbox 241 1026 271 1088; x_wconf 86' lang='lat' dir='ltr'><strong>Si</strong></span> <span class='ocrx_word' id='word_1_59' title='bbox 293 1025 332 1088; x_wconf 91' lang='lat' dir='ltr'><strong>de</strong></span> <span class='ocrx_word' id='word_1_60' title='bbox 345 1025 481 1088; x_wconf 85' lang='lat' dir='ltr'><strong>censuris</strong></span> <span class='ocrx_word' id='word_1_61' title='bbox 495 1043 550 1106; x_wconf 88' lang='lat' dir='ltr'><strong>per</strong></span> <span class='ocrx_word' id='word_1_62' title='bbox 564 1023 689 1085; x_wconf 92' lang='lat' dir='ltr'><strong>modum</strong></span> <span class='ocrx_word' id='word_1_63' title='bbox 708 1024 852 1108; x_wconf 73' lang='lat' dir='ltr'><strong>precepti</strong></span> <span class='ocrx_word' id='word_1_64' title='bbox 873 1029 993 1106; x_wconf 82' lang='lat' dir='ltr'><strong>agatur,</strong></span> <span class='ocrx_word' id='word_1_65' title='bbox 1009 1022 1070 1085; x_wconf 91' lang='lat' dir='ltr'><strong>dis-</strong></span> 
     </span>
     <span class='ocr_line' id='line_1_10' title="bbox 93 1113 1072 1199; baseline -0.005 -21"><span class='ocrx_word' id='word_1_66' title='bbox 93 1122 217 1199; x_wconf 86' lang='lat' dir='ltr'><strong>putatur</strong></span> <span class='ocrx_word' id='word_1_67' title='bbox 244 1133 283 1178; x_wconf 85' lang='lat' dir='ltr'><strong>en</strong></span> <span class='ocrx_word' id='word_1_68' title='bbox 309 1115 375 1177; x_wconf 87' lang='lat' dir='ltr'><strong>illas</strong></span> <span class='ocrx_word' id='word_1_69' title='bbox 398 1114 535 1177; x_wconf 87' lang='lat' dir='ltr'><strong>subditus</strong></span> <span class='ocrx_word' id='word_1_70' title='bbox 565 1113 721 1185; x_wconf 81' lang='lat' dir='ltr'><strong>incurrat,</strong></span> <span class='ocrx_word' id='word_1_71' title='bbox 747 1120 815 1176; x_wconf 83' lang='lat' dir='ltr'><strong>actu</strong></span> <span class='ocrx_word' id='word_1_72' title='bbox 839 1131 967 1175; x_wconf 86' lang='lat' dir='ltr'><strong>manens</strong></span> <span class='ocrx_word' id='word_1_73' title='bbox 990 1123 1072 1174; x_wconf 86' lang='lat' dir='ltr'><strong>extra</strong></span> 
     </span>
     <span class='ocr_line' id='line_1_11' title="bbox 93 1202 1070 1285; baseline -0.004 -18"><span class='ocrx_word' id='word_1_74' title='bbox 93 1205 276 1268; x_wconf 81' lang='lat' dir='ltr'><strong>dioecesim:</strong></span> <span class='ocrx_word' id='word_1_75' title='bbox 299 1203 367 1266; x_wconf 85' lang='lat' dir='ltr'><strong>vide</strong></span> <span class='ocrx_word' id='word_1_76' title='bbox 381 1203 513 1266; x_wconf 87' lang='lat' dir='ltr'><strong>rationes</strong></span> <span class='ocrx_word' id='word_1_77' title='bbox 536 1221 591 1285; x_wconf 93' lang='lat' dir='ltr'><strong>pro</strong></span> <span class='ocrx_word' id='word_1_78' title='bbox 614 1207 644 1264; x_wconf 90' lang='lat' dir='ltr'><strong>et</strong></span> <span class='ocrx_word' id='word_1_79' title='bbox 666 1207 770 1264; x_wconf 85' lang='lat' dir='ltr'><strong>contra</strong></span> <span class='ocrx_word' id='word_1_80' title='bbox 792 1202 873 1284; x_wconf 84' lang='lat' dir='ltr'><strong>apud</strong></span> <span class='ocrx_word' id='word_1_81' title='bbox 894 1202 926 1265; x_wconf 94' lang='lat' dir='ltr'><strong>S.</strong></span> <span class='ocrx_word' id='word_1_82' title='bbox 948 1202 1070 1280; x_wconf 83' lang='lat' dir='ltr'><strong>Liguor.</strong></span> 
     </span>
     <span class='ocr_line' id='line_1_12' title="bbox 47 1290 1071 1376; baseline -0.004 -20"><span class='ocrx_word' id='word_1_83' title='bbox 47 1349 50 1356; x_wconf 86' lang='lat'>.</span> <span class='ocrx_word' id='word_1_84' title='bbox 95 1293 168 1376; x_wconf 74' lang='lat' dir='ltr'><strong>(in,</strong></span> <span class='ocrx_word' id='word_1_85' title='bbox 182 1302 215 1356; x_wconf 83' lang='lat' dir='ltr'><strong>n⁰</strong></span> <span class='ocrx_word' id='word_1_86' title='bbox 230 1293 283 1374; x_wconf 74' lang='lat'><strong>23)</strong></span> <span class='ocrx_word' id='word_1_87' title='bbox 299 1293 351 1374; x_wconf 90' lang='lat' dir='ltr'><strong>qui</strong></span> <span class='ocrx_word' id='word_1_88' title='bbox 370 1291 550 1355; x_wconf 80' lang='lat' dir='ltr'><strong>sententiam</strong></span> <span class='ocrx_word' id='word_1_89' title='bbox 563 1290 765 1354; x_wconf 82' lang='lat' dir='ltr'><strong>affirmantem</strong></span> <span class='ocrx_word' id='word_1_90' title='bbox 778 1291 868 1354; x_wconf 80' lang='lat' dir='ltr'><strong>habet</strong></span> <span class='ocrx_word' id='word_1_91' title='bbox 885 1297 918 1353; x_wconf 91' lang='lat' dir='ltr'><strong>ut</strong></span> <span class='ocrx_word' id='word_1_92' title='bbox 932 1291 1071 1372; x_wconf 84' lang='lat' dir='ltr'><strong>probabi-</strong></span> 
     </span>
     <span class='ocr_line' id='line_1_13' title="bbox 95 1379 1073 1463; baseline -0.001 -20"><span class='ocrx_word' id='word_1_93' title='bbox 95 1382 205 1446; x_wconf 89' lang='lat' dir='ltr'><strong>liorem</strong></span> <span class='ocrx_word' id='word_1_94' title='bbox 228 1382 265 1444; x_wconf 85' lang='lat' dir='ltr'><strong>ed</strong></span> <span class='ocrx_word' id='word_1_95' title='bbox 286 1380 369 1463; x_wconf 87' lang='lat' dir='ltr'><strong>qudd</strong></span> <span class='ocrx_word' id='word_1_96' title='bbox 393 1387 577 1463; x_wconf 77' lang='lat' dir='ltr'><strong>praeceptum</strong></span> <span class='ocrx_word' id='word_1_97' title='bbox 603 1399 748 1463; x_wconf 81' lang='lat' dir='ltr'><strong>personas</strong></span> <span class='ocrx_word' id='word_1_98' title='bbox 771 1379 945 1442; x_wconf 78' lang='lat' dir='ltr'><strong>immediate</strong></span> <span class='ocrx_word' id='word_1_99' title='bbox 966 1379 1073 1442; x_wconf 83' lang='lat' dir='ltr'><strong>alliciat</strong></span> 
     </span>
     <span class='ocr_line' id='line_1_14' title="bbox 94 1468 1072 1553; baseline -0.002 -19"><span class='ocrx_word' id='word_1_100' title='bbox 94 1469 224 1552; x_wconf 82' lang='lat' dir='ltr'><strong>illusque</strong></span> <span class='ocrx_word' id='word_1_101' title='bbox 234 1476 378 1553; x_wconf 82' lang='lat' dir='ltr'><strong>sequatur</strong></span> <span class='ocrx_word' id='word_1_102' title='bbox 391 1487 586 1552; x_wconf 86' lang='lat' dir='ltr'><strong>quocumque</strong></span> <span class='ocrx_word' id='word_1_103' title='bbox 594 1469 685 1532; x_wconf 88' lang='lat' dir='ltr'><strong>ierint</strong></span> <span class='ocrx_word' id='word_1_104' title='bbox 690 1490 699 1545; x_wconf 88' lang='lat'>;</span> <span class='ocrx_word' id='word_1_105' title='bbox 715 1468 789 1532; x_wconf 91' lang='lat' dir='ltr'><strong>dum</strong></span> <span class='ocrx_word' id='word_1_106' title='bbox 803 1475 947 1531; x_wconf 82' lang='lat' dir='ltr'><strong>statutum</strong></span> <span class='ocrx_word' id='word_1_107' title='bbox 959 1468 1072 1532; x_wconf 75' lang='lat' dir='ltr'><strong>directe</strong></span> 
     </span>
     <span class='ocr_line' id='line_1_15' title="bbox 96 1557 1073 1642; baseline -0.002 -20"><span class='ocrx_word' id='word_1_108' title='bbox 96 1559 190 1623; x_wconf 87' lang='lat' dir='ltr'><strong>afficit</strong></span> <span class='ocrx_word' id='word_1_109' title='bbox 215 1559 282 1622; x_wconf 82' lang='lat' dir='ltr'><strong>loco</strong></span> <span class='ocrx_word' id='word_1_110' title='bbox 309 1565 339 1622; x_wconf 88' lang='lat' dir='ltr'><strong>et</strong></span> <span class='ocrx_word' id='word_1_111' title='bbox 364 1559 495 1622; x_wconf 73' lang='lat' dir='ltr'><strong>mediate</strong></span> <span class='ocrx_word' id='word_1_112' title='bbox 519 1577 678 1642; x_wconf 58' lang='lat' dir='ltr'><strong>personam</strong></span> <span class='ocrx_word' id='word_1_113' title='bbox 703 1557 756 1620; x_wconf 89' lang='lat' dir='ltr'><strong>sed</strong></span> <span class='ocrx_word' id='word_1_114' title='bbox 783 1557 961 1639; x_wconf 82' lang='lat' dir='ltr'><strong>requiritur,</strong></span> <span class='ocrx_word' id='word_1_115' title='bbox 987 1559 1073 1638; x_wconf 82' lang='lat' dir='ltr'><strong>juxta</strong></span> 
     </span>
     <span class='ocr_line' id='line_1_16' title="bbox 96 1646 1073 1730; baseline -0.002 -18"><span class='ocrx_word' id='word_1_116' title='bbox 96 1649 240 1712; x_wconf 89' lang='lat' dir='ltr'><strong>eumdem</strong></span> <span class='ocrx_word' id='word_1_117' title='bbox 264 1651 295 1712; x_wconf 91' lang='lat' dir='ltr'><strong>S.</strong></span> <span class='ocrx_word' id='word_1_118' title='bbox 315 1649 451 1730; x_wconf 83' lang='lat' dir='ltr'><strong>Liguor.‚</strong></span> <span class='ocrx_word' id='word_1_119' title='bbox 466 1655 501 1710; x_wconf 92' lang='lat' dir='ltr'><strong>ut</strong></span> <span class='ocrx_word' id='word_1_120' title='bbox 518 1653 703 1730; x_wconf 73' lang='lat' dir='ltr'><strong>praeceptum</strong></span> <span class='ocrx_word' id='word_1_121' title='bbox 726 1647 902 1729; x_wconf 93' lang='lat' dir='ltr'><strong>impositum</strong></span> <span class='ocrx_word' id='word_1_122' title='bbox 925 1646 1015 1710; x_wconf 86' lang='lat' dir='ltr'><strong>tuerit</strong></span> <span class='ocrx_word' id='word_1_123' title='bbox 1034 1647 1073 1710; x_wconf 82' lang='lat' dir='ltr'><strong>ab</strong></span> 
     </span>
     <span class='ocr_line' id='line_1_17' title="bbox 96 1735 1072 1819; baseline -0.002 -18"><span class='ocrx_word' id='word_1_124' title='bbox 96 1738 256 1801; x_wconf 77' lang='lat' dir='ltr'><strong>Ordinatio</strong></span> <span class='ocrx_word' id='word_1_125' title='bbox 276 1747 346 1802; x_wconf 84' lang='lat' dir='ltr'><strong>ante</strong></span> <span class='ocrx_word' id='word_1_126' title='bbox 366 1755 521 1819; x_wconf 83' lang='lat' dir='ltr'><strong>egressum</strong></span> <span class='ocrx_word' id='word_1_127' title='bbox 537 1736 647 1798; x_wconf 90' lang='lat' dir='ltr'><strong>subditi</strong></span> <span class='ocrx_word' id='word_1_128' title='bbox 661 1737 679 1799; x_wconf 76' lang='lat' dir='ltr'><strong>e</strong></span> <span class='ocrx_word' id='word_1_129' title='bbox 693 1736 831 1813; x_wconf 82' lang='lat' dir='ltr'><strong>dioecesi,</strong></span> <span class='ocrx_word' id='word_1_130' title='bbox 846 1735 982 1818; x_wconf 87' lang='lat' dir='ltr'><strong>alioquin</strong></span> <span class='ocrx_word' id='word_1_131' title='bbox 995 1757 1072 1818; x_wconf 87' lang='lat' dir='ltr'><strong>prae-</strong></span> 
     </span>
     <span class='ocr_line' id='line_1_18' title="bbox 95 1824 1070 1909; baseline 0.002 -21"><span class='ocrx_word' id='word_1_132' title='bbox 95 1827 175 1890; x_wconf 82' lang='lat' dir='ltr'><strong>volet</strong></span> <span class='ocrx_word' id='word_1_133' title='bbox 187 1826 343 1909; x_wconf 89' lang='lat' dir='ltr'><strong>dispositio</strong></span> <span class='ocrx_word' id='word_1_134' title='bbox 354 1845 420 1908; x_wconf 84' lang='lat' dir='ltr'><strong>cap.</strong></span> <span class='ocrx_word' id='word_1_135' title='bbox 439 1830 458 1888; x_wconf 74' lang='lat'>2</span> <span class='ocrx_word' id='word_1_136' title='bbox 472 1825 506 1888; x_wconf 87' lang='lat' dir='ltr'><strong>de</strong></span> <span class='ocrx_word' id='word_1_137' title='bbox 519 1826 633 1903; x_wconf 80' lang='lat' dir='ltr'><strong>Const,</strong></span> <span class='ocrx_word' id='word_1_138' title='bbox 646 1843 738 1908; x_wconf 86' lang='lat' dir='ltr'><strong>supro</strong></span> <span class='ocrx_word' id='word_1_139' title='bbox 751 1824 847 1902; x_wconf 81' lang='lat' dir='ltr'><strong>citati,</strong></span> <span class='ocrx_word' id='word_1_140' title='bbox 858 1825 943 1904; x_wconf 84' lang='lat' dir='ltr'><strong>juxta</strong></span> <span class='ocrx_word' id='word_1_141' title='bbox 956 1845 1048 1907; x_wconf 85' lang='lat' dir='ltr'><strong>quum</strong></span> <span class='ocrx_word' id='word_1_142' title='bbox 1063 1846 1070 1890; x_wconf 90' lang='lat'>:</span> 
     </span>
     <span class='ocr_line' id='line_1_19' title="bbox 96 1913 1073 1996; baseline -0.001 -17"><span class='ocrx_word' id='word_1_143' title='bbox 96 1917 153 1979; x_wconf 83' lang='lat' dir='ltr'><strong>Jus</strong></span> <span class='ocrx_word' id='word_1_144' title='bbox 175 1915 286 1978; x_wconf 78' lang='lat' dir='ltr'><strong>dicenti</strong></span> <span class='ocrx_word' id='word_1_145' title='bbox 308 1923 396 1978; x_wconf 72' lang='lat' dir='ltr'><strong>extra</strong></span> <span class='ocrx_word' id='word_1_146' title='bbox 419 1915 607 1977; x_wconf 66' lang='lat' dir='ltr'><strong>territorium</strong></span> <span class='ocrx_word' id='word_1_147' title='bbox 627 1933 684 1975; x_wconf 80' lang='lat' dir='ltr'><strong>non</strong></span> <span class='ocrx_word' id='word_1_148' title='bbox 700 1921 828 1996; x_wconf 82' lang='lat' dir='ltr'><strong>paretur</strong></span> <span class='ocrx_word' id='word_1_149' title='bbox 850 1913 977 1995; x_wconf 67' lang='lat' dir='ltr'><strong>impunc.</strong></span> <span class='ocrx_word' id='word_1_150' title='bbox 998 1916 1073 1978; x_wconf 90' lang='lat' dir='ltr'><strong>Vide</strong></span> 
     </span>
     <span class='ocr_line' id='line_1_20' title="bbox 97 2002 1073 2086; baseline -0.005 -16"><span class='ocrx_word' id='word_1_151' title='bbox 97 2007 189 2070; x_wconf 86' lang='lat' dir='ltr'><strong>etiem</strong></span> <span class='ocrx_word' id='word_1_152' title='bbox 205 2003 349 2068; x_wconf 90' lang='lat' dir='ltr'><strong>Stremler</strong></span> <span class='ocrx_word' id='word_1_153' title='bbox 367 2005 436 2084; x_wconf 83' lang='lat' dir='ltr'><strong>(Bes</strong></span> <span class='ocrx_word' id='word_1_154' title='bbox 449 2005 548 2086; x_wconf 83' lang='lat' dir='ltr'><strong>peines</strong></span> <span class='ocrx_word' id='word_1_155' title='bbox 562 2002 674 2080; x_wconf 69' lang='lat' dir='ltr'><strong>eccleis,</strong></span> <span class='ocrx_word' id='word_1_156' title='bbox 689 2021 720 2084; x_wconf 89' lang='lat' dir='ltr'><strong>p.</strong></span> <span class='ocrx_word' id='word_1_157' title='bbox 738 2005 814 2074; x_wconf 75' lang='lat'><strong>186,</strong></span> <span class='ocrx_word' id='word_1_158' title='bbox 832 2007 913 2081; x_wconf 79' lang='lat' dir='ltr'><strong>etc).</strong></span> <span class='ocrx_word' id='word_1_159' title='bbox 929 2003 1073 2065; x_wconf 87' lang='lat' dir='ltr'><strong>Probabi-</strong></span> 
     </span>
     <span class='ocr_line' id='line_1_21' title="bbox 97 2085 1116 2176; baseline -0.004 -18"><span class='ocrx_word' id='word_1_160' title='bbox 97 2095 157 2158; x_wconf 82' lang='lat' dir='ltr'><strong>lius</strong></span> <span class='ocrx_word' id='word_1_161' title='bbox 171 2092 342 2176; x_wconf 78' lang='lat' dir='ltr'><strong>supradicte</strong></span> <span class='ocrx_word' id='word_1_162' title='bbox 355 2093 480 2175; x_wconf 84' lang='lat' dir='ltr'><strong>intelligi</strong></span> <span class='ocrx_word' id='word_1_163' title='bbox 496 2093 609 2155; x_wconf 91' lang='lat' dir='ltr'><strong>debent</strong></span> <span class='ocrx_word' id='word_1_164' title='bbox 621 2091 660 2154; x_wconf 91' lang='lat' dir='ltr'><strong>de</strong></span> <span class='ocrx_word' id='word_1_165' title='bbox 669 2091 706 2153; x_wconf 90' lang='lat' dir='ltr'><strong>iis</strong></span> <span class='ocrx_word' id='word_1_166' title='bbox 719 2091 809 2154; x_wconf 83' lang='lat' dir='ltr'><strong>etiam</strong></span> <span class='ocrx_word' id='word_1_167' title='bbox 823 2090 875 2173; x_wconf 89' lang='lat' dir='ltr'><strong>qui</strong></span> <span class='ocrx_word' id='word_1_168' title='bbox 894 2090 1075 2173; x_wconf 86' lang='lat' dir='ltr'><strong>delinquunt</strong></span> <span class='ocrx_word' id='word_1_169' title='bbox 1112 2085 1116 2100; x_wconf 59' lang='lat'>⁸</span> 
     </span>
     <span class='ocr_line' id='line_1_22' title="bbox 97 2178 1071 2264; baseline -0.004 -16"><span class='ocrx_word' id='word_1_170' title='bbox 97 2186 130 2248; x_wconf 93' lang='lat' dir='ltr'><strong>in</strong></span> <span class='ocrx_word' id='word_1_171' title='bbox 152 2183 219 2246; x_wconf 89' lang='lat' dir='ltr'><strong>loco</strong></span> <span class='ocrx_word' id='word_1_172' title='bbox 239 2188 380 2264; x_wconf 84' lang='lat' dir='ltr'><strong>exempto</strong></span> <span class='ocrx_word' id='word_1_173' title='bbox 401 2183 479 2264; x_wconf 81' lang='lat' dir='ltr'><strong>(cup.</strong></span> <span class='ocrx_word' id='word_1_174' title='bbox 504 2181 576 2246; x_wconf 74' lang='lat' dir='ltr'><strong>thm</strong></span> <span class='ocrx_word' id='word_1_175' title='bbox 594 2181 758 2264; x_wconf 66' lang='lat' dir='ltr'><strong>Episcopus</strong></span> <span class='ocrx_word' id='word_1_176' title='bbox 772 2184 804 2256; x_wconf 79' lang='lat'><strong>7,</strong></span> <span class='ocrx_word' id='word_1_177' title='bbox 819 2178 854 2242; x_wconf 84' lang='lat' dir='ltr'><strong>de</strong></span> <span class='ocrx_word' id='word_1_178' title='bbox 871 2179 952 2264; x_wconf 77' lang='lat' dir='ltr'><strong>offic.</strong></span> <span class='ocrx_word' id='word_1_179' title='bbox 975 2180 1071 2244; x_wconf 81' lang='lat' dir='ltr'><strong>ordin.</strong></span> 
     </span>
     <span class='ocr_line' id='line_1_23' title="bbox 99 2268 1074 2355; baseline -0.002 -19"><span class='ocrx_word' id='word_1_180' title='bbox 99 2275 131 2336; x_wconf 93' lang='lat' dir='ltr'><strong>in</strong></span> <span class='ocrx_word' id='word_1_181' title='bbox 151 2277 193 2350; x_wconf 82' lang='lat'><strong>6⁰;</strong></span> <span class='ocrx_word' id='word_1_182' title='bbox 209 2291 275 2355; x_wconf 83' lang='lat' dir='ltr'><strong>cup.</strong></span> <span class='ocrx_word' id='word_1_183' title='bbox 294 2277 323 2349; x_wconf 84' lang='lat' dir='ltr'><strong>l,</strong></span> <span class='ocrx_word' id='word_1_184' title='bbox 339 2270 374 2334; x_wconf 83' lang='lat' dir='ltr'><strong>de</strong></span> <span class='ocrx_word' id='word_1_185' title='bbox 387 2271 534 2353; x_wconf 72' lang='lat' dir='ltr'><strong>Prtvilep.</strong></span> <span class='ocrx_word' id='word_1_186' title='bbox 553 2271 585 2332; x_wconf 94' lang='lat' dir='ltr'><strong>in</strong></span> <span class='ocrx_word' id='word_1_187' title='bbox 604 2275 647 2348; x_wconf 81' lang='lat'><strong>6⁰;</strong></span> <span class='ocrx_word' id='word_1_188' title='bbox 663 2270 758 2332; x_wconf 88' lang='lat' dir='ltr'><strong>Glem.</strong></span> <span class='ocrx_word' id='word_1_189' title='bbox 780 2268 1025 2353; x_wconf 79' lang='lat' dir='ltr'><strong>Arcdtepiscopo,</strong></span> <span class='ocrx_word' id='word_1_190' title='bbox 1040 2270 1074 2334; x_wconf 83' lang='lat' dir='ltr'><strong>de</strong></span> 
     </span>
     <span class='ocr_line' id='line_1_24' title="bbox 100 2360 636 2443; baseline -0.002 -19"><span class='ocrx_word' id='word_1_191' title='bbox 100 2361 243 2440; x_wconf 74' lang='lat' dir='ltr'><strong>Privit.);</strong></span> <span class='ocrx_word' id='word_1_192' title='bbox 260 2362 291 2423; x_wconf 92' lang='lat' dir='ltr'><strong>S.</strong></span> <span class='ocrx_word' id='word_1_193' title='bbox 307 2360 387 2443; x_wconf 66' lang='lat' dir='ltr'><strong>lig„</strong></span> <span class='ocrx_word' id='word_1_194' title='bbox 403 2360 456 2423; x_wconf 92' lang='lat' dir='ltr'><strong>lib.</strong></span> <span class='ocrx_word' id='word_1_195' title='bbox 471 2364 503 2438; x_wconf 86' lang='grc'><strong>6,</strong></span> <span class='ocrx_word' id='word_1_196' title='bbox 519 2362 636 2424; x_wconf 76' lang='lat'><strong>110592.</strong></span> 
     </span>
    </p>
   </div>
   <div class='ocr_carea' id='block_1_4' title="bbox 97 2471 1074 2924">
    <p class='ocr_par' dir='ltr' id='par_1_4' title="bbox 97 2471 1073 2733">
     <span class='ocr_line' id='line_1_25' title="bbox 139 2471 1073 2553; baseline 0.002 -19"><span class='ocrx_word' id='word_1_197' title='bbox 139 2472 377 2535; x_wconf 83' lang='lat' dir='ltr'><strong>Controvertitur</strong></span> <span class='ocrx_word' id='word_1_198' title='bbox 395 2477 496 2534; x_wconf 82' lang='lat' dir='ltr'><strong>eutem</strong></span> <span class='ocrx_word' id='word_1_199' title='bbox 511 2489 549 2532; x_wconf 81' lang='lat' dir='ltr'><strong>an</strong></span> <span class='ocrx_word' id='word_1_200' title='bbox 572 2471 706 2534; x_wconf 82' lang='lat' dir='ltr'><strong>Ecclesia</strong></span> <span class='ocrx_word' id='word_1_201' title='bbox 726 2476 757 2534; x_wconf 89' lang='lat' dir='ltr'><strong>et</strong></span> <span class='ocrx_word' id='word_1_202' title='bbox 775 2477 942 2534; x_wconf 85' lang='lat' dir='ltr'><strong>conventus</strong></span> <span class='ocrx_word' id='word_1_203' title='bbox 955 2473 1073 2553; x_wconf 83' lang='lat' dir='ltr'><strong>regulu-</strong></span> 
     </span>
     <span class='ocr_line' id='line_1_26' title="bbox 97 2559 1072 2643; baseline -0.003 -18"><span class='ocrx_word' id='word_1_204' title='bbox 97 2563 194 2640; x_wconf 90' lang='lat' dir='ltr'><strong>rium,</strong></span> <span class='ocrx_word' id='word_1_205' title='bbox 210 2561 289 2624; x_wconf 90' lang='lat' dir='ltr'><strong>inter</strong></span> <span class='ocrx_word' id='word_1_206' title='bbox 303 2561 369 2623; x_wconf 89' lang='lat' dir='ltr'><strong>loca</strong></span> <span class='ocrx_word' id='word_1_207' title='bbox 387 2566 526 2642; x_wconf 85' lang='lat' dir='ltr'><strong>exempta</strong></span> <span class='ocrx_word' id='word_1_208' title='bbox 546 2560 607 2623; x_wconf 88' lang='lat' dir='ltr'><strong>sint</strong></span> <span class='ocrx_word' id='word_1_209' title='bbox 624 2559 828 2643; x_wconf 85' lang='lat' dir='ltr'><strong>computenda</strong></span> <span class='ocrx_word' id='word_1_210' title='bbox 844 2578 851 2620; x_wconf 93' lang='lat'><strong>:</strong></span> <span class='ocrx_word' id='word_1_211' title='bbox 867 2559 934 2622; x_wconf 86' lang='lat' dir='ltr'><strong>vide</strong></span> <span class='ocrx_word' id='word_1_212' title='bbox 946 2561 977 2623; x_wconf 88' lang='lat' dir='ltr'><strong>S.</strong></span> <span class='ocrx_word' id='word_1_213' title='bbox 994 2562 1072 2643; x_wconf 64' lang='lat' dir='ltr'><strong>Lig„</strong></span> 
     </span>
     <span class='ocr_line' id='line_1_27' title="bbox 98 2649 744 2733; baseline -0.005 -20"><span class='ocrx_word' id='word_1_214' title='bbox 98 2650 152 2715; x_wconf 87' lang='lat' dir='ltr'><strong>lib.</strong></span> <span class='ocrx_word' id='word_1_215' title='bbox 172 2656 201 2729; x_wconf 86' lang='lat' dir='ltr'><strong>l,</strong></span> <span class='ocrx_word' id='word_1_216' title='bbox 217 2659 250 2713; x_wconf 86' lang='lat' dir='ltr'><strong>n⁰</strong></span> <span class='ocrx_word' id='word_1_217' title='bbox 267 2653 337 2729; x_wconf 80' lang='lat' dir='ltr'><strong>rso,</strong></span> <span class='ocrx_word' id='word_1_218' title='bbox 350 2650 383 2711; x_wconf 82' lang='lat' dir='ltr'><strong>in</strong></span> <span class='ocrx_word' id='word_1_219' title='bbox 396 2650 473 2733; x_wconf 77' lang='lat' dir='ltr'><strong>fine3</strong></span> <span class='ocrx_word' id='word_1_220' title='bbox 488 2649 582 2712; x_wconf 91' lang='lat' dir='ltr'><strong>etlib.</strong></span> <span class='ocrx_word' id='word_1_221' title='bbox 598 2653 629 2728; x_wconf 78' lang='lat'><strong>7,</strong></span> <span class='ocrx_word' id='word_1_222' title='bbox 645 2659 679 2711; x_wconf 82' lang='lat' dir='ltr'><strong>n⁰</strong></span> <span class='ocrx_word' id='word_1_223' title='bbox 692 2653 744 2711; x_wconf 77' lang='lat' dir='ltr'><strong>st.</strong></span> 
     </span>
    </p>

    <p class='ocr_par' dir='ltr' id='par_1_5' title="bbox 100 2751 1074 2924">
     <span class='ocr_line' id='line_1_28' title="bbox 140 2751 1074 2835; baseline 0.007 -21"><span class='ocrx_word' id='word_1_224' title='bbox 140 2755 229 2816; x_wconf 84' lang='grc'><strong>6393.</strong></span> <span class='ocrx_word' id='word_1_225' title='bbox 247 2751 369 2826; x_wconf 81' lang='lat' dir='ltr'><strong>Quaerit.</strong></span> <span class='ocrx_word' id='word_1_226' title='bbox 390 2754 422 2815; x_wconf 79' lang='lat'><strong>2⁰</strong></span> <span class='ocrx_word' id='word_1_227' title='bbox 439 2754 488 2815; x_wconf 80' lang='lat' dir='ltr'><strong>An</strong></span> <span class='ocrx_word' id='word_1_228' title='bbox 505 2751 587 2835; x_wconf 79' lang='lat' dir='ltr'><strong>ligati</strong></span> <span class='ocrx_word' id='word_1_229' title='bbox 608 2753 671 2815; x_wconf 77' lang='lat' dir='ltr'><strong>unt</strong></span> <span class='ocrx_word' id='word_1_230' title='bbox 693 2752 821 2816; x_wconf 79' lang='lat' dir='ltr'><strong>censurt</strong></span> <span class='ocrx_word' id='word_1_231' title='bbox 842 2751 958 2834; x_wconf 90' lang='lat' dir='ltr'><strong>possint</strong></span> <span class='ocrx_word' id='word_1_232' title='bbox 977 2753 1074 2822; x_wconf 83' lang='lat' dir='ltr'><strong>adhuc</strong></span> 
     </span>
     <span class='ocr_line' id='line_1_29' title="bbox 100 2841 426 2924; baseline -0.006 -18"><span class='ocrx_word' id='word_1_233' title='bbox 100 2843 158 2906; x_wconf 81' lang='lat' dir='ltr'><strong>alid</strong></span> <span class='ocrx_word' id='word_1_234' title='bbox 172 2845 300 2906; x_wconf 70' lang='lat' dir='ltr'><strong>censure</strong></span> <span class='ocrx_word' id='word_1_235' title='bbox 314 2841 426 2924; x_wconf 77' lang='lat' dir='ltr'><strong>ligeri?</strong></span> 
     </span>
    </p>
   </div>
   <div class='ocr_carea' id='block_1_5' title="bbox 102 2946 1075 3294">
    <p class='ocr_par' dir='ltr' id='par_1_6' title="bbox 102 2946 1075 3294">
     <span class='ocr_line' id='line_1_30' title="bbox 139 2946 1075 3034; baseline 0.005 -24"><span class='ocrx_word' id='word_1_236' title='bbox 139 2951 231 3031; x_wconf 81' lang='lat' dir='ltr'><strong>Resp.</strong></span> <span class='ocrx_word' id='word_1_237' title='bbox 243 2946 427 3012; x_wconf 78' lang='lat' dir='ltr'><strong>Affirmotive</strong></span> <span class='ocrx_word' id='word_1_238' title='bbox 438 2969 445 3010; x_wconf 93' lang='lat'><strong>:</strong></span> <span class='ocrx_word' id='word_1_239' title='bbox 456 2949 519 3011; x_wconf 86' lang='lat' dir='ltr'><strong>imd</strong></span> <span class='ocrx_word' id='word_1_240' title='bbox 529 2947 634 3012; x_wconf 72' lang='lat' dir='ltr'><strong>eedem</strong></span> <span class='ocrx_word' id='word_1_241' title='bbox 645 2953 773 3014; x_wconf 72' lang='lat' dir='ltr'><strong>censure</strong></span> <span class='ocrx_word' id='word_1_242' title='bbox 780 2950 864 3032; x_wconf 80' lang='lat' dir='ltr'><strong>ligari</strong></span> <span class='ocrx_word' id='word_1_243' title='bbox 880 2961 1006 3034; x_wconf 90' lang='lat' dir='ltr'><strong>possunt</strong></span> <span class='ocrx_word' id='word_1_244' title='bbox 1018 2954 1075 3017; x_wconf 90' lang='lat' dir='ltr'><strong>sub</strong></span> 
     </span>
     <span class='ocr_line' id='line_1_31' title="bbox 102 3035 1075 3124; baseline 0.007 -27"><span class='ocrx_word' id='word_1_245' title='bbox 102 3054 182 3098; x_wconf 86' lang='lat' dir='ltr'><strong>novo</strong></span> <span class='ocrx_word' id='word_1_246' title='bbox 195 3035 297 3110; x_wconf 81' lang='lat' dir='ltr'><strong>titulo,</strong></span> <span class='ocrx_word' id='word_1_247' title='bbox 308 3037 355 3100; x_wconf 79' lang='lat' dir='ltr'><strong>rel</strong></span> <span class='ocrx_word' id='word_1_248' title='bbox 368 3037 504 3116; x_wconf 83' lang='lat' dir='ltr'><strong>ejusdem</strong></span> <span class='ocrx_word' id='word_1_249' title='bbox 515 3037 561 3100; x_wconf 86' lang='lat' dir='ltr'><strong>vel</strong></span> <span class='ocrx_word' id='word_1_250' title='bbox 575 3039 696 3101; x_wconf 83' lang='lat' dir='ltr'><strong>alterius</strong></span> <span class='ocrx_word' id='word_1_251' title='bbox 706 3040 825 3120; x_wconf 83' lang='lat' dir='ltr'><strong>generis</strong></span> <span class='ocrx_word' id='word_1_252' title='bbox 838 3041 914 3123; x_wconf 85' lang='lat' dir='ltr'><strong>(cop.</strong></span> <span class='ocrx_word' id='word_1_253' title='bbox 933 3043 1008 3104; x_wconf 72' lang='lat' dir='ltr'><strong>Cum</strong></span> <span class='ocrx_word' id='word_1_254' title='bbox 1019 3062 1075 3124; x_wconf 87' lang='lat' dir='ltr'><strong>pro</strong></span> 
     </span>
     <span class='ocr_line' id='line_1_32' title="bbox 103 3121 1072 3208; baseline 0.008 -24"><span class='ocrx_word' id='word_1_255' title='bbox 103 3121 252 3200; x_wconf 78' lang='lat' dir='ltr'><strong>cousd‚de</strong></span> <span class='ocrx_word' id='word_1_256' title='bbox 264 3137 338 3186; x_wconf 80' lang='lat' dir='ltr'><strong>sect.</strong></span> <span class='ocrx_word' id='word_1_257' title='bbox 353 3145 507 3203; x_wconf 44' lang='lat' dir='ltr'><strong>oeconomo</strong></span> <span class='ocrx_word' id='word_1_258' title='bbox 519 3131 549 3188; x_wconf 89' lang='lat' dir='ltr'><strong>et</strong></span> <span class='ocrx_word' id='word_1_259' title='bbox 561 3127 709 3190; x_wconf 81' lang='lat' dir='ltr'><strong>Clement.</strong></span> <span class='ocrx_word' id='word_1_260' title='bbox 726 3127 850 3208; x_wconf 84' lang='lat' dir='ltr'><strong>Grauis,</strong></span> <span class='ocrx_word' id='word_1_261' title='bbox 862 3125 958 3208; x_wconf 89' lang='lat' dir='ltr'><strong>ejusd.</strong></span> <span class='ocrx_word' id='word_1_262' title='bbox 973 3129 1072 3208; x_wconf 88' lang='lat' dir='ltr'><strong>tituli).</strong></span> 
     </span>
     <span class='ocr_line' id='line_1_33' title="bbox 108 3210 656 3294; baseline 0.011 -23"><span class='ocrx_word' id='word_1_263' title='bbox 108 3210 180 3274; x_wconf 86' lang='lat' dir='ltr'><strong>Vide</strong></span> <span class='ocrx_word' id='word_1_264' title='bbox 193 3229 243 3292; x_wconf 86' lang='lat' dir='ltr'><strong>up.</strong></span> <span class='ocrx_word' id='word_1_265' title='bbox 258 3214 290 3274; x_wconf 89' lang='lat' dir='ltr'><strong>S.</strong></span> <span class='ocrx_word' id='word_1_266' title='bbox 302 3213 437 3294; x_wconf 68' lang='lat' dir='ltr'><strong>Lignor„</strong></span> <span class='ocrx_word' id='word_1_267' title='bbox 448 3213 501 3277; x_wconf 90' lang='lat' dir='ltr'><strong>lib.</strong></span> <span class='ocrx_word' id='word_1_268' title='bbox 516 3219 547 3294; x_wconf 79' lang='lat'><strong>7,</strong></span> <span class='ocrx_word' id='word_1_269' title='bbox 558 3219 593 3277; x_wconf 83' lang='lat' dir='ltr'><strong>n⁰</strong></span> <span class='ocrx_word' id='word_1_270' title='bbox 606 3219 656 3279; x_wconf 77' lang='lat'><strong>28.</strong></span> 
     </span>
    </p>
   </div>
   <div class='ocr_carea' id='block_1_6' title="bbox 547 3391 635 3472">
    <p class='ocr_par' dir='ltr' id='par_1_7' title="bbox 547 3391 635 3472">
     <span class='ocr_line' id='line_1_34' title="bbox 547 3391 635 3472; baseline 0 -18"><span class='ocrx_word' id='word_1_271' title='bbox 547 3391 566 3472; x_wconf 65' lang='lat' dir='ltr'><strong>s</strong></span> <span class='ocrx_word' id='word_1_272' title='bbox 584 3393 635 3454; x_wconf 85' lang='lat' dir='ltr'><strong>ru.</strong></span> 
     </span>
    </p>
   </div>
   <div class='ocr_carea' id='block_1_7' title="bbox 243 3520 916 3610">
    <p class='ocr_par' dir='ltr' id='par_1_8' title="bbox 243 3520 916 3610">
     <span class='ocr_line' id='line_1_35' title="bbox 243 3520 916 3610; baseline 0.006 -22"><span class='ocrx_word' id='word_1_273' title='bbox 243 3520 288 3588; x_wconf 79' lang='lat' dir='ltr'><strong>Ob</strong></span> <span class='ocrx_word' id='word_1_274' title='bbox 306 3541 395 3606; x_wconf 81' lang='lat' dir='ltr'><strong>quom</strong></span> <span class='ocrx_word' id='word_1_275' title='bbox 415 3543 531 3587; x_wconf 83' lang='lat' dir='ltr'><strong>causam</strong></span> <span class='ocrx_word' id='word_1_276' title='bbox 549 3524 629 3607; x_wconf 78' lang='lat' dir='ltr'><strong>sem&#39;</strong></span> <span class='ocrx_word' id='word_1_277' title='bbox 644 3525 760 3610; x_wconf 78' lang='lat' dir='ltr'><strong>possint</strong></span> <span class='ocrx_word' id='word_1_278' title='bbox 778 3547 916 3592; x_wconf 74' lang='lat' dir='ltr'><strong>cenntroe.</strong></span> 
     </span>
    </p>
   </div>
   <div class='ocr_carea' id='block_1_8' title="bbox 142 3681 1057 3761">
    <p class='ocr_par' dir='ltr' id='par_1_9' title="bbox 142 3681 1057 3761">
     <span class='ocr_line' id='line_1_36' title="bbox 142 3681 1057 3761; baseline 0.01 -17"><span class='ocrx_word' id='word_1_279' title='bbox 142 3683 234 3750; x_wconf 68' lang='lat' dir='ltr'><strong>otti.</strong></span> <span class='ocrx_word' id='word_1_280' title='bbox 254 3681 338 3744; x_wconf 80' lang='lat' dir='ltr'><strong>Ferri</strong></span> <span class='ocrx_word' id='word_1_281' title='bbox 352 3687 481 3761; x_wconf 82' lang='lat' dir='ltr'><strong>possunt</strong></span> <span class='ocrx_word' id='word_1_282' title='bbox 497 3681 538 3746; x_wconf 89' lang='lat' dir='ltr'><strong>ob</strong></span> <span class='ocrx_word' id='word_1_283' title='bbox 555 3683 654 3748; x_wconf 90' lang='lat' dir='ltr'><strong>solum</strong></span> <span class='ocrx_word' id='word_1_284' title='bbox 663 3693 815 3758; x_wconf 76' lang='lat' dir='ltr'><strong>peccorum</strong></span> <span class='ocrx_word' id='word_1_285' title='bbox 829 3695 992 3760; x_wconf 64' lang='lat' dir='ltr'><strong>estonum,</strong></span> <span class='ocrx_word' id='word_1_286' title='bbox 1009 3707 1057 3752; x_wconf 78' lang='lat' dir='ltr'><strong>ror</strong></span> 
     </span>
    </p>
   </div>
   <div class='ocr_carea' id='block_1_9' title="bbox 0 0 1290 3988">
    <p class='ocr_par' dir='ltr' id='par_1_10' title="bbox 0 0 1290 3988">
     <span class='ocr_line' id='line_1_37' title="bbox 0 0 1290 3988; baseline 0 0"><span class='ocrx_word' id='word_1_287' title='bbox 0 0 1290 3988; x_wconf 95' lang='lat' dir='ltr'><strong> </strong></span> 
     </span>
    </p>
   </div>
  </div>
 </body>
</html>
