2504 3990
188 200 246 260 388
410 217 547 264 aluntur
567 217 668 266 sonus
687 217 769 265 ants
789 215 937 264 cruorum.

187 315 311 392 tinisa,
333 315 433 378 diuina
454 315 550 380 oliicia
570 317 661 380 etiam
686 315 829 398 spalmis
849 313 980 398 vesperis
1002 316 1154 376 cantentur
1227 395 1228 398 Ἴ

173 403 380 484 solemniter,
396 405 525 468 exclusis
538 405 662 488 quidem
676 403 946 469 excommunicatis
956 401 1152 479 denuntiatis,
1227 411 1228 482 ξ

187 492 238 554 sed
249 492 387 556 admissis
400 495 472 578 ipsis
486 493 673 575 interdictis,
687 493 855 558 dummodo
869 492 921 576 qui
935 509 1057 557 causam
1072 489 1155 554 dede·
1227 527 1228 576 1

187 590 258 670 runt
272 581 429 646 interdicto
451 583 536 646 altari
560 602 622 646 non
641 584 903 666 appropinquent.
920 580 1108 644 necveniant
1120 578 1155 641 ad

186 669 378 734 Ollertorium
392 670 437 733 vel
452 672 722 750 communionem
739 671 838 735 caeteri
852 675 980 754 possunt
992 667 1155 732 cammuni-
1227 751 1228 758 ἵ

187 776 256 822 carc
270 759 322 822 sed
337 759 414 822 'ntra
429 759 552 824 missam
571 761 700 824 tantiam.
717 759 849 823 Proinde
868 757 1055 836 hisdiebus,
1070 757 1155 820 etiam
1227 759 1228 846 ,

187 847 334 912 interdicti
355 853 497 912 tenentur
521 849 646 914 missam
668 851 773 914 audire
792 847 871 928 (vide
893 847 1056 920 Simmiae,
1071 845 1155 927 ibid,

187 955 218 1018 p.
235 939 317 1017 358).
407 979 412 988 ·

227 1027 347 1090 Caeteris
369 1025 456 1090 lestis
479 1029 532 1111 qui
547 1028 737 1112 privilegium
753 1028 864 1090 babent
881 1026 1023 1092 audiendi
1038 1025 1156 1090 missam
1227 1105 1228 1108 Ἴ

190 1123 315 1198 possunt
332 1135 364 1180 se
385 1119 536 1180 abstinere
550 1117 588 1181 ab
602 1120 638 1182 ea
658 1117 808 1181 audienda
826 1123 860 1180 ut
877 1135 909 1180 se
924 1117 985 1197 iuri
1003 1115 1157 1179 communi

189 1205 389 1268 conforment.
406 1207 539 1269 Barbosa
552 1214 654 1270 tamen
666 1207 851 1270 contrarium
861 1213 943 1269 tenet
953 1206 1039 1286 juxta
1052 1207 1157 1269 Strem·
1227 1215 1228 1252 l

189 1291 233 1355 ler
247 1293 312 1371 (it,
329 1314 359 1377 p.
375 1298 455 1375 356).
468 1296 572 1368 Quoad
587 1297 752 1377 regulares,
768 1296 835 1360 vide
848 1296 927 1360 dicta
942 1314 1032 1376 supra
1046 1295 1157 1374 (6609).

230 1387 320 1447 6619.
336 1418 375 1432 -
388 1389 420 1447 2⁰
434 1384 599 1447 Prola'bitio
612 1385 882 1449 administrationis
893 1385 1158 1463 socaameatoram,

189 1473 221 1536 in
236 1475 299 1554 qua¹
315 1479 417 1536 tamen
436 1474 638 1558 prohibitione
657 1493 718 1538 non
732 1474 1031 1559 mmprebenduntur
1046 1473 1159 1556 Baptis-

189 1579 276 1638 mus,
296 1562 491 1626 Confirmatio
511 1571 541 1626 et
563 1564 742 1626 Poenitentia
758 1565 836 1647 (cap.
856 1563 962 1636 Almo,
980 1563 1015 1626 dc
1034 1573 1158 1628 sentent.

188 1671 339 1724 excomm„
362 1652 394 1715 in
414 1657 477 1732 6⁰);
493 1653 664 1736 Baptismus
682 1662 784 1716 autem
806 1652 937 1718 conserui
951 1659 1049 1735 potest
1070 1655 1161 1718 etiam

190 1741 364 1804 solemniter
384 1747 473 1825 atque
501 1743 519 1804 b
543 1742 681 1804 ministro
702 1743 859 1806 interdicto
881 1742 1087 1824 generaliter,
1101 1763 1162 1810 non

192 1833 260 1894 verb
274 1830 440 1913 specialiter
458 1831 516 1894 nisi
529 1831 561 1893 in
575 1851 647 1894 casu
666 1832 871 1910 necessitatis,
885 1837 916 1895 et
932 1839 1005 1895 tunc
1021 1833 1163 1898 adminis

147 1933 148 1936 ’
190 1921 260 1983 trari
274 1919 364 1985 debet
377 1921 491 2004 absque
505 1920 710 1998 solemnitate,
730 1923 849 2003 prouti
863 1921 947 1984 laicis
960 1922 1163 1986 administrari

111 2083 124 2088 Ἴ,
190 2011 268 2074 valet
285 2009 459 2090 (Streniae,
474 2009 531 2089 ib,
553 2029 584 2093 p.
606 2013 676 2089 350)
693 2029 700 2070 :
716 2015 746 2071 et
768 2009 848 2072 idem
870 2001 920 2073 est'
936 2010 1104 2075 dicendam
1127 2014 1163 2077 de

147 2117 148 2120 ’
191 2099 328 2163 ministro
354 2099 540 2163 Poenitentiae
560 2107 590 2160 et
607 2097 852 2161 Confirmationis
868 2117 876 2160 ε
895 2097 978 2162 unde
995 2099 1164 2186 Episcopus

191 2207 252 2251 non
276 2188 444 2274 specialiter
467 2186 642 2250 interdictus
664 2193 763 2268 potest
787 2187 939 2269 conticere
960 2187 1092 2253 chrisma
1115 2191 1164 2256 dia
1225 2237 1226 2240 ,

90 2283 92 2286 ’
191 2279 291 2354 Coenoe
311 2275 454 2356 Domini,
471 2275 561 2339 etiarn
581 2281 717 2358 tempore
731 2275 881 2340 interdicti
903 2277 964 2341 ‘sive
984 2275 1089 2344 loc'alis
1103 2281 1165 2345 sive
1221 2324 1225 2336 ·

193 2367 357 2451 personalis
378 2364 549 2447 (Stremler‚
572 2363 629 2428 Des
654 2365 776 2444 Peines,
798 2385 829 2448 p.
853 2367 938 2448 att).
954 2367 1088 2432 Praelata
1108 2371 1166 2435 tria

190 2463 378 2522 sacramenta
391 2455 534 2519 omnibus
547 2453 680 2518 coalerri
694 2461 834 2538 possunt,
847 2455 884 2518 iis
896 2461 999 2520 nmen
1012 2459 1164 2542 exceptis,

191 2548 244 2630 qui
258 2546 417 2611 interdicto
429 2560 552 2612 caumm
564 2543 712 2608 dederunt
724 2591 733 2623 ,
747 2550 800 2608 aut
810 2543 956 2608 auxilium
969 2545 1016 2609 vel
1028 2545 1166 2612 savorem

192 2640 392 2720 praestarunt,
420 2635 552 2719 exceptis
581 2633 691 2717 pariter
722 2635 919 2716 personaliter
942 2641 972 2698 et
994 2635 1166 2720 specialiter

192 2726 376 2803 interdictis,
398 2725 456 2787 nisi
479 2725 562 2807 prius
584 2721 782 2786 satisfecerint
798 2723 824 2786 si
843 2723 975 2806 possint,
989 2731 1043 2790 aut
1055 2727 1166 2793 saltem

192 2815 364 2879 cautionem
374 2813 550 2895 juratoriam
563 2813 716 2895 prebeant
729 2813 753 2877 si
772 2813 966 2897 nonpossint
980 2831 989 2877 t
1003 2814 1103 2880 valide
1119 2825 1165 2881 ta·

192 2921 264 2968 men
284 2903 376 2965 etiarn
395 2902 583 2966 Poenitcntiaa
595 2909 819 2966 sacramentum
839 2909 941 2985 posset
961 2902 1166 2971 administrari

193 2989 390 3077 personaliter
409 2989 591 3070 interdictis,
611 2991 636 3055 si
650 2999 750 3055 essent
767 2991 918 3075 dispositi,
933 2992 1005 3074 quia
1024 2993 1167 3059 interdic·

192 3089 260 3146 tum
283 3099 345 3144 non
371 3079 450 3143 tollit
467 3078 709 3160 jurisdictionem
732 3080 810 3160 (vide
831 3081 995 3159 Stremler,
1019 3101 1050 3166 p.
1075 3085 1164 3164 35l);

196 3169 381 3235 Eucharistiae
401 3171 472 3232 verb
486 3175 584 3252 potest
604 3168 668 3232 dari
683 3170 871 3236 moribundis
891 3187 962 3233 cum
975 3171 1167 3236 solemnitate

194 3263 349 3336 consueta,
366 3257 397 3322 id
411 3259 656 3323 estcumlumina
668 3265 699 3322 et
712 3259 879 3340 pulsatione
893 3277 1069 3343 campana:
1083 3259 1168 3330 idem

195 3356 240 3412 est
252 3347 416 3412 dicendum
428 3348 468 3413 de
481 3349 517 3412 iis
530 3349 583 3432 qui
601 3355 672 3412 sunt
685 3349 864 3430 praeliaturi,
878 3349 925 3413 uel
943 3350 1167 3432 navigationem

196 3435 395 3518 periculosam
408 3445 576 3502 assumunt.
592 3439 672 3502 llloto
690 3444 792 3502 autem
805 3437 889 3522 quod
910 3437 1112 3522 aspecialitcr
1124 3441 1170 3506 in·

197 3521 329 3588 terdictis
341 3529 451 3607 praevia
464 3527 623 3591 satisfactio
637 3527 676 3590 sit
687 3527 834 3608 exigenda
847 3529 1017 3608 (Stremler,
1037 3548 1068 3613 p.
1080 3533 1168 3614 352).

236 3615 1169 3702 soto.controvertiturancleriei,qutbusconceditarnrissam
