2526 3988
444 245 530 291 arnan
550 245 679 292 cennius.
1011 227 1052 293 25

109 351 201 415 Theoi
215 367 311 430 quam
326 345 540 425 stabilivimus,
557 365 618 409 non
633 349 828 412 adversantur
841 348 898 412 nisi
912 347 1051 432 gallicani

68 438 299 522 parlamentarii
322 444 376 500 aut
402 443 539 500 auctores
562 437 717 516 damnati,
746 438 836 500 veluti
865 439 1050 502 Marc-Ant.

68 529 112 592 de
124 527 283 604 Dominis,
297 527 470 605 Launoius,
485 526 663 607 Van-Espen
677 533 706 588 et
724 526 772 589 alii
787 527 923 608 ejusdem
937 527 1049 590 iarinaa.

74 618 151 680 Vide
167 617 279 693 Bouix,
295 615 340 678 De
352 613 497 690 Judr'ciis,
511 620 587 677 tom.
603 619 633 694 l,
648 634 679 697 p.
699 618 813 692 tta-88,
828 621 859 678 et
871 635 962 699 supra
974 616 1053 679 dicta

70 710 137 785 (aa,
154 703 529 784 acimaetensem).

116 796 286 857 sola—2⁰
297 791 399 857 Curate
407 794 638 856 matrimoniales
646 792 901 876 impropriidt'ctoe
909 793 950 856 ud
953 793 1054 875 sorum

72 884 219 948 wentae
251 883 322 961 jure
352 881 475 964 proprio
503 884 662 965 pertinent.
692 884 814 946 Constat
844 901 880 944 ex
909 883 1053 946 Decretali

76 971 242 1036 Alexandri
253 973 311 1045 ΠΙ,
322 977 353 1034 et
364 971 498 1052 Epistola
512 971 557 1034 Pii
568 973 610 1035 ix
623 972 661 1034 ad
675 989 779 1052 regem
795 971 941 1034 Sardiniae
964 972 1055 1035 modo

73 1061 191 1125 relatis.

493 1177 574 1243 ent.
596 1175 642 1242 lV.

263 1321 303 1367 ux
321 1317 423 1369 ancara
439 1311 662 1369 reuronnmaits
682 1321 878 1368 omniconux.

118 1435 210 1496 5520.
228 1434 272 1493 De
286 1431 333 1494 his
346 1431 530 1494 sufficienter
543 1431 675 1496 diximus
688 1451 779 1516 supra
792 1436 946 1513 tart-xro,
964 1438 1056 1498 rara-

80 1526 172 1602 tuat,
187 1523 363 1586 xasa-5301
377 1568 386 1600 ,
400 1519 453 1584 ubi
465 1520 504 1584 dc
518 1521 657 1602 tributis).

501 1668 583 1732 nar.
606 1669 640 1733 ll.

344 1817 384 1864 nx
402 1814 504 1864 causis
522 1817 807 1868 ruarsmrnonxrus.

124 1934 215 1996 5524.
240 1929 420 2010 Huiusmodi
447 1949 545 1993 causae
568 1931 680 1994 directa
701 1939 731 1994 et
745 1953 801 2014 per
819 1951 849 1995 se
871 1932 908 1995 ad
924 1933 1058 2013 judicem

84 2021 321 2084 ecclesiasticum
345 2019 496 2101 pertinent
521 2025 554 2081 ut
582 2025 700 2082 constat
718 2021 865 2082 Decretali
887 2021 1058 2099 Ouandotl,

87 2109 121 2172 de
132 2109 276 2190 judiciis,
302 2109 354 2171 ubi
378 2107 547 2172 Alexander
569 2109 608 2169 lll
622 2107 662 2170 ait
684 2127 691 2169 :
711 2109 836 2171 «Causa
849 2110 919 2171 vero
936 2109 1062 2191 iurispe-

85 2223 99 2258 ι
125 2200 262 2261 tronatns
271 2198 313 2260 ita
321 2198 483 2279 conjuncta
497 2203 543 2259 est
552 2203 582 2260 et
591 2215 728 2260 connexa
737 2197 941 2280 spiritualibus
950 2199 1060 2278 causis,

83 2309 99 2345 s
124 2287 208 2368 quod
232 2287 353 2349 nonnisi
375 2287 578 2352 ecclesiastico
597 2286 714 2366 jndicio
736 2288 832 2350 valeat
853 2285 1015 2351 definiri.»
1036 2291 1056 2351 l·

84 2376 343 2443 tacunnuuniter.

126 2465 266 2528 Diximus
285 2483 344 2546 per
357 2485 406 2543 se,
428 2465 499 2548 quia
519 2465 741 2529 accidentaliter
762 2465 800 2527 de
822 2465 860 2527 iis
879 2481 1062 2546 cognoscere

83 2555 163 2618 valet
173 2553 269 2634 judex
291 2553 463 2632 saecularis,
478 2575 507 2617 v.
524 2576 553 2637 g.
571 2555 664 2636 siper
682 2553 862 2616 sententiam
881 2551 1063 2616 condemnet

84 2659 292 2727 possessorem
305 2643 393 2706 castri
408 2645 534 2724 alicujus
547 2641 668 2706 utillud
681 2641 806 2705 domino
819 2641 989 2704 suoreddat
1002 2642 1063 2703 una

85 2751 157 2796 cum
181 2731 324 2794 omnibus
341 2732 460 2812 juribus
482 2733 510 2795 ei
532 2731 678 2808 annexis,
700 2736 820 2794 tenetur
840 2747 1013 2813 possessor,
1034 2731 1061 2792 vi

84 2821 153 2884 talis
167 2819 344 2901 sententiae,
359 2823 450 2884 etiam
466 2821 692 2904 juspatronatns
713 2820 850 2899 tradere,
866 2821 891 2883 si
909 2837 1063 2882 annexum

84 2910 193 2974 luisset
216 2915 314 2972 castro
336 2910 531 2974 restituendo.
546 2945 578 2957 -
596 2909 670 2974 Vide
684 2909 966 2992 Sehmalzgrueber,
982 2907 1062 2990 apud

84 3001 122 3061 D.
142 2998 250 3075 Bouix,
262 2997 452 3078 Deladiciis,
462 3002 617 3082 tom.l,p.
629 3003 699 3076 lltl;
710 3004 741 3063 et
749 2999 872 3081 insuper
881 2997 959 3060 dicta
973 3015 1064 3080 supra

503 3219 586 3285 altr.
607 3218 654 3284 vl.

162 3367 201 3416 D!
220 3365 322 3416 GAUSIS
340 3367 408 3422 still!
427 3365 574 3415 runcinam
594 3365 768 3414 summulis
787 3363 991 3412 scunarium

497 3456 654 3504 mucram.

6 3589 7 3610 ³
128 3576 221 3638 5522.
231 3575 335 3636 Gausae
345 3571 668 3656 publicaminrentutis
677 3528 885 3632 educationem
897 3571 1065 3648 spectantes

88 3663 164 3728 olim
178 3660 217 3725 ad
231 3662 329 3726 solam
339 3661 506 3728 Ecclesiam
520 3659 729 3742 pertinebant:
747 3658 829 3719 «Les
840 3659 953 3786 Papeg,
968 3652 1064 3732 inquit

898 3759 914 3816 l
