2462 3984
177 257 231 318 vva
415 265 551 316 11111111
571 262 672 314 ronne
691 263 773 311 vuavs
794 257 943 310 1111111111.
1154 266 1161 298 t

175 373 315 448 monetae,
323 364 467 430 fraudatae
475 357 826 443 annonae,subreptionis
834 359 944 422 census
952 358 1155 440 autpeouniff.

175 459 319 541 publicae;
335 457 366 520 3ο
379 453 501 538 quando
519 453 617 534 agitur
629 451 669 513 de
682 448 841 526 llcclesioe,
860 447 906 509 vel
919 446 959 509 de
976 445 1157 510 monasterii

175 554 226 610 aut
245 547 303 609 etia
320 543 441 628 publica
460 542 597 605 utilitate.
614 539 690 600 Vide
704 539 801 600 Bouirv
823 537 908 614 (tom.
924 538 965 614 8,
981 553 1013 618 p.
1031 537 1093 614 10,
1109 534 1157 598 De

174 636 303 715 ledia„
318 641 350 698 et
362 635 394 697 S.
409 633 531 715 Liguor.
547 630 611 709 (lib.
627 633 668 706 1,
688 629 721 690 n⁰
734 628 815 704 238).

215 729 306 788 5805.
321 723 402 788 Noto
413 720 495 805 quod
506 720 598 800 judex
612 717 758 801 repellere
778 715 873 800 possit
893 733 931 778 ex
944 714 1046 779 efficio
1059 733 1159 778 eccu-

177 821 305 878 satorem
320 832 382 877 non
396 811 558 888 idoneum,
578 815 608 872 et
631 807 714 890 qubd
735 825 806 870 curn
825 805 949 868 deberet
965 804 1117 888 repellere
1129 804 1159 866 si

177 911 255 967 esset
268 903 439 986 illegitimus
450 921 459 978 ;
474 917 533 964 nee
547 899 596 962 tali
609 917 683 962 casu
696 913 766 960 reus
776 895 884 958 citatus
896 900 1017 958 tenetur
1027 911 1159 977 compa·

177 1012 252 1058 rere
271 992 401 1075 (Boulis,
415 990 469 1065 ie,
483 1010 514 1073 p.
533 991 595 1068 11.)

218 1084 401 1146 5806.-111.
417 1079 559 1143 Accusari
574 1082 701 1162 possunt
710 1094 817 1140 omnes
826 1075 1050 1157 delinquentes,
1061 1075 1162 1138 modo

179 1191 241 1235 non
255 1171 453 1234 destituantur
472 1187 530 1232 usu
548 1169 691 1246 rationis,
714 1171 745 1230 ct
763 1165 829 1246 lege
850 1183 914 1227 non
935 1163 1164 1246 prohibeantur

180 1261 323 1324 accusari.
340 1260 470 1322 Minores
483 1265 585 1320 tamen
599 1255 732 1320 accusari
748 1261 903 1338 nequeunt
923 1253 980 1316 nisi
998 1253 1069 1316 dato
1086 1257 1164 1318 eistv

178 1350 278 1430 judice
291 1355 428 1412 curatore
442 1349 512 1427 (Lex
525 1350 580 1423 20,
596 1346 628 1408 ff.
644 1346 678 1408 de
691 1345 842 1426 accusas).
862 1345 959 1405 Nemo
978 1345 1096 1425 pariter
1108 1363 1164 1407 ac-

181 1439 277 1501 cusari
289 1445 385 1521 potest
394 1437 431 1500 de
441 1435 594 1500 criminae
605 1455 665 1517 quo
675 1434 730 1498 luit
744 1432 899 1496 absolutus
912 1434 990 1515 (cap.
1004 1432 1049 1495 De
1062 1433 1115 1495 bis
1128 1439 1164 1512 6,

181 1529 216 1590 de
232 1529 371 1608 accusat.)
387 1546 395 1588 :
415 1533 516 1609 posset
528 1531 631 1588 tamen
648 1523 782 1587 accusari
795 1523 821 1586 si
834 1521 989 1584 absolutus
1003 1520 1116 1586 fuisset
1129 1525 1165 1586 in

180 1617 294 1695 judicio
316 1617 348 1679 in
368 1633 430 1697 quo
452 1632 627 1698 processum
645 1613 741 1676 iuerat
759 1611 909 1695 perviam
937 1611 1164 1693 inquisitionis.

182 1705 258 1768 Vide
271 1705 345 1768 alios
356 1723 444 1768 casus
455 1703 659 1786 excipiendos,
675 1721 724 1786 ap.
738 1699 832 1764 Bouix
844 1699 900 1780 (De
911 1699 1027 1781 lodie,
1039 1709 1121 1766 tem.
1131 1707 1166 1783 2,

183 1815 214 1878 p.
231 1799 268 1856 te
280 1803 310 1858 et
322 1799 381 1874 13).

223 1887 312 1948 5807.
329 1885 367 1948 Ut
378 1883 446 1967 quis
457 1885 551 1966 possit
563 1881 698 1946 accusari
718 1881 846 1945 minime
866 1889 911 1944 est
925 1900 1048 1947 necesse
1061 1891 1102 1948 ut
1115 1886 1168 1948 in·

184 1973 274 2038 famia
297 1971 447 2056 praecedat
459 1992 467 2036 :
480 1992 537 2036 nec
558 1981 698 2056 peccatur
719 1978 814 2050 tune,
835 1971 941 2034 saltem
959 1979 1066 2036 centra
1076 1976 1171 2054 justi-

184 2065 269 2142 tiam,
280 2065 304 2126 si
314 2063 440 2126 monitio
453 2082 514 2125 non
528 2061 688 2145 praecedat,
700 2060 793 2122 modb
806 2060 924 2124 crimen
938 2061 977 2124 sit
989 2062 1168 2144 probabile.

186 2154 216 2214 Si
229 2159 330 2214 tamen
342 2153 458 2215 crimen
472 2171 534 2214 non
549 2158 626 2214 esset
640 2149 813 2232 publicum,
832 2149 888 2211 etsi
910 2151 1014 2232 paucis
1029 2159 1146 2216 notum
1161 2205 1169 2236 ,

186 2243 209 2302 si
225 2248 394 2321 speraretur
407 2241 596 2317 emendatio,
613 2240 759 2302 correctio
772 2246 846 2302 tunc
859 2245 939 2302 esset
949 2243 1172 2322 praemittenda

187 2331 280 2409 (juxta
300 2329 330 2392 S.
353 2330 490 2411 Liguor.,
501 2328 553 2390 lib.
568 2333 606 2404 1,
622 2331 654 2389 n⁰
674 2333 748 2404 81ος
764 2335 794 2390 el
813 2327 967 2406 Strernler,
981 2329 1040 2392 Des
1054 2331 1174 2396 Peines

186 2418 360 2492 ecclesiast,
377 2437 408 2500 p.
428 2417 509 2499 t00)‚
525 2435 587 2480 non
602 2418 761 2498 exjustitia
775 2417 854 2480 etad
876 2418 1056 2482 validitatem
1068 2440 1174 2487 aceu-

188 2505 845 2588 satienis‚sedexcharitate(videlleiffenst.‚
857 2507 1121 2588 DeAeeasot.‚tit.
1139 2519 1174 2592 1,

189 2599 221 2659 n⁰
234 2601 303 2676 98):
319 2598 470 2681 quintunc
484 2615 546 2660 non
561 2603 605 2659 est
618 2595 840 2677 respiciendum
855 2597 971 2658 bonum
981 2617 1174 2682 commune,

188 2685 241 2748 sed
253 2687 413 2766 peccantis.
436 2687 548 2768 Excipe
567 2687 592 2748 si
615 2686 731 2747 crimen
750 2685 781 2747 in
804 2684 952 2749 damnum
976 2687 1175 2770 Reipublicae

188 2781 338 2855 vergeret,
353 2783 386 2836 ut
396 2775 582 2854 coniuratio,
601 2781 632 2838 et
653 2775 807 2856 signanter
826 2775 964 2854 haeresis,
982 2778 1030 2840 vel
1048 2779 1075 2840 si
1103 2801 1175 2846 non

190 2880 293 2947 posses
306 2861 361 2926 alia
373 2863 421 2926 vie
433 2863 580 2927 damnum
595 2865 649 2926 tibi
664 2865 808 2926 resarcire
820 2865 877 2927 nisi
892 2868 1062 2930 accusando
1075 2869 1174 2934 darn·

191 2950 376 3015 nificatorem
384 2954 426 3031 (S.
436 2953 572 3033 Liguer.‚
581 2953 637 3032 ie,
653 2955 686 3014 n⁰
699 2957 780 3032 811),
792 2954 838 3016 vel
850 2953 875 3015 si
886 2963 1026 3036 ageretur
1035 2955 1076 3020 de
1086 2961 1176 3025 solli·

191 3040 350 3104 citantibus
363 3041 395 3103 in
410 3041 659 3118 sacrotribunali‚
672 3044 758 3122 Juxta
770 3041 850 3104 dicta
864 3061 955 3124 supra
968 3047 1083 3127 (3888).

231 3129 335 3204 Quoad
350 3131 474 3194 effectus
484 3131 683 3196 accusationis
696 3131 815 3194 relative
833 3131 871 3194 ad
889 3141 1105 3210 accusatorem
1129 3158 1164 3209 v.

192 3222 288 3284 Beuix
301 3221 367 3300 (ib,
380 3241 411 3304 p.
430 3225 538 3302 15-11).

231 3313 320 3374 5808.
335 3311 467 3374 Effectus
484 3311 554 3374 verb
570 3311 770 3375 accusationis
784 3312 904 3376 relative
929 3313 968 3378 ad
988 3327 1175 3388 accusatum

193 3406 263 3462 sunt
274 3400 438 3480 presertim
449 3400 533 3482 quod
553 3410 709 3464 accusatus
727 3403 923 3466 criminaliter
942 3405 981 3468 de
1004 3411 1088 3490 gravi
1107 3415 1177 3476 eri.

194 3487 276 3549 rnine
298 3506 360 3550 oon
381 3491 474 3571 possit
491 3490 684 3571 regulariter,
704 3491 855 3574 pendente
865 3497 1072 3577 accusatione,
1095 3521 1176 3583 pm.

195 3575 307 3636 moveri
319 3575 356 3637 ad
368 3595 460 3639 novas
471 3578 636 3659 Dignitates
645 3580 722 3664 (cap.
738 3581 964 3663 Omnipotensl,
974 3587 1021 3648 tit.
1039 3593 1068 3666 1,
1082 3589 1176 3657 ltus

196 3663 337 3742 treci-eta,
349 3663 389 3726 ita
401 3671 435 3727 ut
444 3667 594 3747 promotio
605 3667 699 3746 ipsius
712 3669 753 3747 (et
768 3669 849 3732 idem
860 3675 905 3734 eet
917 3671 956 3736 de
973 3679 1176 3753 promotione
