2548 3988
496 323 584 378 lamii
603 321 737 378 tttttttts.
1046 307 1103 372 375

133 423 237 508 iuvent
251 421 428 508 Episcopus,
444 425 468 489 si
483 427 522 490 ab
534 427 579 491 eis
592 427 653 490 sint
672 425 821 510 requisiti,
837 425 875 490 ad
891 429 1107 494 restituendam

136 513 183 578 vel
201 515 441 578 conservandam
461 515 632 581 clausuram
648 515 838 581 monialium.
857 516 951 600 (Sess.
967 523 1018 598 25,
1031 537 1060 586 c.
1075 523 1107 597 5,

136 601 183 668 De
196 602 338 686 Regulus.
356 613 385 667 et
398 605 537 690 montet.)

181 780 379 846 inathemate
389 781 514 848 damnat
524 783 889 867 S.Syncdus(sess.2t,c.
904 787 933 860 t,
943 783 1111 868 dereptum

139 871 195 956 qui
210 877 322 954 negant
336 874 529 937 matrimonia
541 873 741 950 clandestine,
757 872 854 936 libero
868 875 1111 938 contrahentium

138 978 293 1024 consensu
307 958 395 1039 iacta,
417 963 556 1045 quandiu
578 961 712 1024 Ecclesia
733 961 816 1024 irrita
828 981 891 1025 non
907 961 989 1039 lecit,
1006 973 1069 1026 rata
1084 973 1113 1028 et

143 1067 212 1113 vera
225 1049 415 1114 matrimonia
424 1050 527 1115 luisse.
544 1049 619 1114 Item
633 1055 804 1113 asserentes
818 1052 1009 1115 matrimonia
1020 1071 1036 1114 a
1046 1053 1114 1115 liliis

141 1138 283 1215 familias,
298 1139 365 1202 sine
380 1147 541 1222 parentum
552 1158 706 1203 consensu
720 1147 885 1220 contracte,
899 1141 983 1204 irrita
997 1160 1073 1204 esse.

183 1231 273 1292 6568.
297 1229 400 1302 Quoad
414 1229 749 1293 excommunicationes
769 1229 836 1292 latae
857 1231 1013 1294 sententie
1027 1249 1113 1313 quas,

144 1319 331 1402 praeterjam
358 1318 504 1382 indicatas
533 1319 637 1400 (tete)
662 1319 741 1382 inter
766 1326 940 1397 reservatas,
960 1321 992 1382 in
1012 1321 1116 1402 vigore

145 1406 245 1470 adhuc
257 1423 323 1468 esso
335 1405 468 1470 declarat
482 1407 551 1472 Pius
560 1407 612 1484 IX,
626 1407 748 1490 quande
760 1417 948 1474 concernunt
962 1411 1117 1472 internum

145 1497 283 1576 regimen
303 1497 502 1578 regularium,
526 1504 579 1561 aut
599 1498 808 1581 collegiorum,
832 1499 1115 1581 congregationum,

146 1591 293 1656 eoetuum,
304 1585 350 1647 vel
361 1587 497 1649 locorum
510 1587 630 1668 piorum
643 1605 921 1670 quorumcumque,
937 1590 1117 1652 consulendi

147 1681 218 1738 sunt
233 1673 404 1753 hujusmodi
418 1675 557 1750 Ordines,
582 1677 629 1738 vel
643 1677 781 1756 collegia,
806 1685 913 1756 coetus,
937 1679 1115 1762 Congrege-

147 1763 256 1840 tiones‚
273 1763 320 1826 vel
339 1763 406 1826 loca
420 1763 481 1846 pia.
496 1762 571 1826 Vide
586 1764 675 1828 etiam
690 1765 721 1827 S.
738 1765 860 1845 Lignor.
878 1767 898 1829 l.
914 1772 945 1842 7,
961 1770 1033 1842 etl,
1048 1770 1118 1831 ets.

187 1855 277 1918 6569.
302 1853 442 1926 Quamvis
454 1854 485 1915 in
499 1852 732 1916 desuetudinem
746 1854 854 1916 abierit
868 1856 977 1918 modus
991 1875 1117 1919 excom-

149 1941 328 2006 municandi
347 1961 402 2024 per
424 1941 623 2004 monitorium
645 1941 683 2003 ad
700 1940 842 2004 ellectum
857 1944 1013 2006 obtinendi
1035 1964 1121 2007 reve-

150 2031 293 2094 lationem
313 2039 466 2094 certorum
484 2029 661 2104 criminum,
682 2047 743 2093 non
763 2031 870 2094 inutile
888 2032 1060 2112 judicemus
1074 2033 1122 2096 hle

150 2121 351 2184 transcribere
366 2121 456 2183 verba
475 2119 589 2201 Synodi
607 2119 791 2184 'tridentinae
804 2121 884 2184 cirea
906 2120 964 2182 hoc
979 2139 1122 2184 censura·

151 2227 221 2272 rum
235 2229 331 2292 genus
345 2229 354 2272 τ
377 2229 394 2270 e
420 2209 561 2285 Quamvis
574 2209 899 2274 excommunicationis
915 2209 1035 2292 gladius
1049 2229 1121 2274 ner-

150 2319 167 2360 ι
191 2317 246 2362 vus
267 2299 303 2362 sit
318 2299 528 2363 ecclesiastice
547 2299 730 2381 discipline,
753 2305 782 2362 et
804 2297 842 2362 sd
864 2298 1066 2363 continendos
1090 2300 1123 2364 in

150 2409 168 2450 a
192 2387 291 2452 udicio
304 2389 433 2470 populos
443 2387 530 2450 valdo
544 2389 698 2465 salutaris,
716 2389 816 2451 sobrie
833 2395 937 2452 lamen
951 2407 1123 2472 magnaque

151 2499 168 2542 a
192 2478 464 2558 circumspectione
505 2478 693 2542 exercendus
730 2485 787 2555 est,
829 2497 901 2541 eum
941 2478 1124 2558 experientia

151 2567 310 2642 edoceat,
338 2567 363 2629 si
386 2571 510 2644 temere,
537 2573 590 2630 aut
617 2566 732 2630 levibus
758 2584 795 2629 ex
822 2566 914 2629 rebus
942 2567 1122 2645 incutiatur,

151 2679 168 2719 s
192 2657 290 2737 magis
313 2657 468 2718 contemni
488 2674 582 2738 quam
601 2655 769 2731 formidari,
793 2665 824 2719 et
838 2655 1005 2738 perniciem
1025 2657 1125 2737 potius

151 2769 168 2808 r
193 2763 298 2827 parere
311 2763 404 2828 quam
423 2745 561 2808 salutern.
590 2747 778 2827 Quapropter
793 2746 1125 2809 excommunicationes

151 2857 168 2900 a
191 2835 251 2899 ittae
260 2852 341 2919 quae,
352 2833 572 2899 monitionibus
586 2835 761 2917 premissis,
770 2835 807 2897 ad
817 2835 909 2898 tlnem
919 2837 1123 2914 revelationis,

152 2947 168 2990 a
192 2932 226 2990 ut
244 2925 341 3002 aiunl,
357 2931 409 2988 eut
430 2941 486 3005 pro
506 2924 670 3006 deperditis
690 2943 743 2987 seu
768 2923 926 2988 subtractis
940 2925 1031 2988 rebus
1053 2924 1123 2987 lerri

152 3035 169 3077 r
193 3013 305 3093 solent,
332 3032 350 3077 a
376 3013 500 3076 nemine
522 3031 658 3096 prorsus,
683 3021 886 3096 preterquam
899 3013 938 3076 ab
961 3013 1123 3094 Episcopo,

154 3123 171 3166 r
195 3102 395 3165 decernantur
405 3123 414 3180 3
426 3109 455 3166 et
469 3107 545 3166 tunc
559 3121 621 3165 non
635 3103 709 3166 alias
721 3121 814 3185 quarn
827 3121 863 3166 ex
875 3120 908 3164 re
917 3119 979 3164 non
991 3099 1123 3181 vulgari,

155 3212 171 3254 a
194 3208 345 3272 causaque
357 3191 518 3274 diligenter
542 3209 577 3255 ac
599 3210 710 3274 magna
733 3191 905 3254 maturitate
920 3207 974 3272 per
997 3190 1126 3271 Episco-

154 3296 270 3363 npum
290 3281 469 3359 examinate,
496 3299 565 3364 quae
588 3281 654 3364 ejus
676 3281 814 3344 animum
838 3283 974 3356 moveat;
1002 3295 1060 3340 nec
1086 3279 1125 3342 ad

153 3392 171 3436 r
194 3387 245 3434 eas
258 3367 466 3434 macedonum
488 3372 618 3450 cujusvis
636 3369 798 3446 secularis,
819 3369 912 3432 etiam
933 3365 1126 3448 magistratus

153 3483 171 3526 r
194 3459 373 3526 auctoritate
390 3458 582 3524 adducatur:
607 3459 660 3522 sed
683 3465 781 3522 totum
802 3457 861 3521 hoc
875 3457 907 3520 in
921 3456 987 3537 eiua
1002 3455 1125 3522 arbitrio

154 3573 171 3616 a
194 3547 422 3615 etoenscientia
444 3549 483 3611 sit
506 3550 649 3630 positum,
671 3547 794 3630 quando
816 3546 882 3629 ipse
900 3564 957 3630 pro
980 3564 1024 3623 re,
1044 3545 1123 3629 loco,

153 3657 324 3724 »persons
354 3643 408 3703 aut
426 3643 574 3720 tempore,
603 3655 654 3702 eas
681 3636 890 3701 decernendas
908 3653 974 3701 asse
1003 3635 1123 3718 judica·

155 3753 171 3796 ι
195 3731 280 3796 verit
302 3748 319 3790 a
346 3723 439 3810 (Sese.
455 3727 506 3804 dli,
523 3743 552 3792 c.
567 3729 600 3795 8.
615 3727 660 3791 ne
671 3724 808 3808 mame.)
