2466 4258
280 246 365 293 traua
385 247 521 293 rrnrrus.
545 262 582 276 -
604 247 793 293 rerannrcas.
959 227 1015 292 iti
1063 267 1066 278 ,

87 359 130 423 it.
157 363 231 425 Post
251 365 415 446 quodlibet
429 383 575 440 eramen,
601 365 723 426 etiamsi
747 364 857 427 eadem
882 383 1019 446 persona

50 451 158 530 pluries
172 451 217 516 iili
240 453 436 533 subjicienda
453 456 503 531 sit,
521 453 731 517 cancellarius
748 456 833 516 clara
858 463 888 516 et
904 453 1019 518 intelli·

48 541 218 619 gibilivoco
245 563 351 607 coram
379 544 490 608 eadem
510 545 593 625 legat
618 543 882 624 interrogationes
899 555 928 608 et
953 564 1018 608 res-

48 631 218 709 ponsiones,
232 631 309 698 iacta
320 633 422 696 eidem
436 632 584 696 facultate
595 631 752 709 variandi,
765 641 819 695 aut
834 634 1018 698 declarandi

46 721 192 803 quidquid
207 723 354 787 cinisum
369 721 461 786 suerit
478 741 486 785 :
503 721 619 784 deinde
635 723 702 804 ipse
718 723 917 786 examinatos
930 723 1019 788 subs-

46 811 148 888 cribat,
166 823 208 890 et,
224 814 249 876 si
271 813 365 877 tuerit
379 813 556 889 illiteratus,
575 811 666 876 saciet
681 812 742 876 hoo
758 813 884 891 signum
903 811 964 877 Cro
983 813 1016 894 †

45 901 105 975 ois3
126 917 162 964 ac
177 901 316 983 denique
339 901 518 966 moderator
534 911 679 965 actorum
695 912 727 966 et
747 899 893 964 defensor
907 903 1018 968 validi-

45 991 113 1052 tatis
133 991 325 1054 matrimonii
352 999 513 1076 apponent
551 1009 643 1056 suam
681 989 961 1072 subscriptionem,
989 1002 1019 1056 et

45 1079 248 1143 cancellarius
268 1081 306 1143 de
322 1091 393 1142 actu
413 1081 548 1160 rogabit.

83 1171 132 1230 t3.
151 1167 367 1252 Sialiquaudo
380 1170 543 1251 contingat
558 1169 787 1234 examinandos
802 1171 886 1254 apud
898 1181 1018 1237 exteras

44 1267 72 1319 et
93 1258 191 1322 iorsan
208 1257 399 1340 longinquas
414 1259 558 1338 regiones
574 1260 703 1335 versari,
734 1277 793 1322 nec
816 1261 967 1324 tribunali
985 1281 1018 1327 sc

43 1350 145 1411 sistere
161 1365 262 1429 posse,
286 1368 304 1410 a
324 1347 675 1411 moderatoreactorum
695 1359 842 1414 accurata
863 1353 1017 1414 tactorum

41 1451 69 1500 et
89 1437 409 1510 circumstantiarum,
438 1455 576 1519 quorum
599 1437 739 1526 cognitio
758 1447 789 1502 et
818 1441 1018 1504 confirmatio

40 1527 220 1605 requiritur,
250 1527 404 1606 expositio
425 1527 483 1587 erit
512 1525 669 1605 facienda,
710 1545 792 1610 quae,
821 1532 1019 1592 concinnatis

40 1615 224 1696 opportunis
247 1613 558 1693 interrogationibus,
580 1613 620 1676 de
635 1615 792 1678 sententia
812 1634 941 1700 quoque
962 1620 1017 1682 de·

41 1703 171 1766 senseris
190 1703 395 1782 matrimonii,
408 1711 438 1764 et
452 1702 599 1766 iudicatis
611 1705 895 1768 examinandorum
910 1707 1015 1773 nomi·

40 1793 144 1869 uibus,
181 1792 221 1854 ad
248 1790 451 1854 Ordinarium
486 1790 558 1870 loci,
603 1793 635 1854 in
667 1811 730 1878 quo
761 1805 1014 1873 commorantur,

37 1883 192 1956 mittatur,
208 1889 242 1944 ut
263 1881 330 1960 ilie,
346 1881 411 1944 sive
428 1899 481 1962 per
506 1899 550 1956 se,
574 1883 640 1944 sive
654 1901 818 1963 persuum
858 1885 1016 1949 vicarium

36 1970 232 2046 Generalem‚
251 1971 316 2034 sive
332 1989 386 2052 per
401 1971 500 2034 atium
515 1971 618 2034 virum
635 1972 771 2052 probum
789 1983 820 2037 et
834 1983 1013 2056 expertum,

33 2081 51 2125 e
76 2061 159 2124 ciero
182 2061 377 2140 eligendum,
405 2078 461 2124 eos
487 2061 625 2122 examini
648 2061 797 2141 subjiciat
813 2063 905 2143 juxta
928 2067 1017 2128 datas

31 2151 308 2232 interrogationes,
326 2144 479 2232 requisito
495 2152 582 2232 prius
607 2150 790 2229 juramento
819 2153 858 2216 de
888 2156 1017 2218 veritate

30 2239 182 2316 dicenda,
200 2247 230 2302 et
245 2239 367 2302 caeteris
382 2239 523 2313 serratis,
540 2257 611 2320 quae
627 2257 721 2319 supra
733 2242 914 2323 praescripta
929 2253 1014 2306 suut.

74 2326 106 2390 Si
117 2345 190 2391 vero
204 2328 370 2406 contigerit
383 2327 519 2408 aliquem
532 2329 667 2390 examini
678 2329 912 2408 subjiciendum
924 2352 941 2395 e
952 2335 1016 2396 vita

27 2417 195 2498 migrasse,
214 2417 323 2480 mortis
338 2415 567 2480 documentum
591 2419 672 2479 inter
701 2429 770 2481 acta
794 2433 1009 2486 recenseatur.

74 2509 122 2572 td.
138 2507 247 2582 Quoad
267 2507 408 2588 singulos
428 2508 460 2569 in
473 2505 631 2586 judicium
649 2517 776 2574 vocatos
793 2509 840 2572 vel
858 2511 1015 2577 vocandos

26 2607 175 2661 aetorum
204 2595 385 2660 moderator
416 2595 578 2678 inquirere
607 2596 736 2658 debebit
769 2599 956 2680 probitatem
985 2613 1016 2665 et

27 2687 290 2763 credibilitatem,
305 2685 390 2749 etad
406 2685 465 2749 hoc
478 2683 614 2759 curabit,
628 2692 660 2748 ut
674 2687 714 2748 ab
729 2705 838 2751 eorum
856 2691 1013 2769 parochis,

25 2778 78 2842 sin
102 2777 245 2839 minusa
270 2776 414 2857 personis
440 2775 501 2837 fide
521 2773 625 2857 dignis
649 2775 760 2839 litteras
789 2779 1015 2846 testimoniales

23 2863 253 2936 exhibeantur,
271 2883 343 2946 quae
358 2866 450 2926 etiam
468 2865 499 2926 in
517 2867 593 2928 actis
614 2873 708 2928 erunt
728 2865 913 2932 referendae.

67 2954 119 3017 15.
138 2957 223 3017 luter
237 2954 465 3018 examinandos
489 2953 593 3036 primo
615 2953 784 3019 locovenit
809 2957 875 3034 iile,
891 2959 945 3039 qui
962 2977 1013 3022 ae-

20 3045 225 3110 cusationem
245 3053 355 3108 contra
379 3044 616 3107 matrimonium
634 3047 743 3108 movit.
764 3045 812 3110 Ab
828 3047 887 3110 isto
901 3049 1012 3128 exqui-

19 3133 164 3194 rendum
178 3135 247 3210 erit,
265 3143 300 3197 ut
315 3133 399 3198 ctare
414 3134 627 3217 distincteque
648 3146 785 3217 exponat
801 3136 1014 3200 accusationis

21 3219 184 3298 titulum;
221 3223 302 3286 iacta
338 3225 446 3286 omnia
483 3223 618 3286 fideliter
647 3235 677 3286 et
706 3225 850 3304 religiose
874 3235 1011 3300 enarret,

17 3327 206 3393 eorumque
218 3312 420 3394 probationes
434 3312 542 3376 afferat
558 3335 567 3391 ;
583 3314 838 3380 circumstantias
853 3332 964 3377 omnes
983 3326 1013 3378 et

16 3400 1011 3486 indiciaerponat,qoaereiexpropriascientiaeognoreritret

15 3511 57 3554 ex
70 3491 213 3555 aliorum
223 3489 375 3555 relatione
386 3491 551 3572 didicerit3
564 3506 593 3558 et
604 3493 742 3578 denique
754 3493 896 3557 nominet
906 3502 1012 3572 testes,

17 3598 105 3665 quos
129 3579 170 3644 de
192 3595 226 3644 re
250 3579 420 3646 instructos
439 3583 575 3658 sciverit,
591 3583 637 3646 uei
662 3583 776 3646 saitem
803 3583 1008 3664 reputaverit.

128 3697 160 3746 r.
179 3693 221 3744 rr.
897 3681 934 3744 tt
