2452 3984
213 333 269 396 lttb
428 349 567 398 annuam
587 349 688 398 roaros
708 351 790 400 runis
810 351 958 400 emourer.

249 476 264 510 n
289 457 339 515 ab.
355 457 430 515 ltem
451 453 483 516 in
500 473 538 516 eo
558 455 640 537 qubd
663 453 794 517 insinuat
813 453 867 516 soll
889 451 1038 535 Episcopo
1058 453 1098 518 las
1112 473 1159 516 uon

210 565 225 601 s
249 541 370 605 essenti
384 549 547 624 potestate,
562 562 654 625 quam
675 551 777 606 tamen
791 543 818 606 ei
837 540 934 604 defert
946 541 1079 604 Trident.
1091 543 1157 620 (sess.

210 651 225 691 s
251 635 304 708 li,
324 650 351 694 c.
375 635 388 692 l
407 703 410 710 Ι
429 631 463 694 de
477 631 611 714 resono.)
634 631 847 714 suspensiones
869 649 906 692 ex
927 630 1085 694 informati
1106 649 1161 692 oon

210 742 225 780 a
250 719 374 784 scientis
391 720 524 802 legitime
544 720 700 803 infligendi
718 741 725 783 :
740 719 962 802 jurisdictionis
985 719 1160 783 Proelatorun

210 831 226 871 u
251 809 395 873 Ecclesiae
409 811 518 874 lasivs.
533 832 548 871 a

251 903 339 963 6014.
355 933 395 947 -
408 905 440 962 4⁰
454 901 498 962 Ex
512 918 549 962 eo
564 899 646 981 qubd
659 898 800 981 Episcopi
814 897 944 962 habeant
956 898 1069 962 dictam
1082 903 1162 980 potes·

210 993 302 1052 tatem
315 989 436 1052 arcendi
456 989 494 1051 ab
517 989 674 1051 ordinibus
701 995 730 1050 et
747 987 951 1069 suspendendi
965 1006 1003 1052 ex
1024 986 1165 1050 informati
1215 1029 1216 1064 ,

211 1079 411 1156 conscientia,
432 1095 493 1140 non
514 1078 650 1160 sequitur
670 1096 722 1140 eos
742 1078 785 1139 sio
806 1095 896 1159 agere
913 1095 1002 1157 possa
1024 1077 1096 1160 quin
1109 1077 1166 1158 ipsis

212 1173 338 1244 constet,
352 1185 390 1229 ex
404 1165 621 1230 sufficientibus
634 1166 862 1248 probationibus
874 1213 883 1245 ,
905 1165 943 1228 de
964 1165 1074 1228 delicto
1085 1164 1167 1228 alerici

212 1261 315 1317 contra
338 1273 430 1336 quem
457 1257 500 1318 sic
523 1255 731 1337 procederent.
757 1257 898 1337 Sequitur
915 1256 1036 1318 tantiam
1056 1271 1168 1318 eosnon

212 1343 347 1424 indigere
368 1343 409 1406 ad
430 1343 488 1407 hoc
511 1344 737 1426 probationibus
748 1344 896 1424 iuridicis.
917 1345 983 1408 Imb
997 1361 1059 1406 non
1078 1343 1170 1406 suffieit

213 1433 358 1515 qubdillea
368 1433 559 1515 probationes
568 1433 1169 1516 ipsumEpiscopumconrinoereraleaut;

212 1521 266 1584 sed
278 1522 352 1584 tales
371 1542 435 1585 esse
455 1523 567 1586 debent
586 1541 656 1604 quaa
677 1524 776 1586 Sacrae
796 1522 1027 1603 Congregationi
1049 1523 1169 1596 Concit,

213 1629 284 1674 casu
311 1630 372 1692 quo
398 1611 436 1674 ad
463 1630 531 1675 eam
552 1629 694 1674 recursus
718 1610 818 1689 fleret,
842 1613 930 1690 iustae
955 1629 991 1673 ac
1004 1609 1172 1674 sufficientes

212 1699 305 1762 rideri
328 1701 453 1781 possint.
469 1701 544 1762 vide
566 1700 662 1762 Bouix
687 1699 751 1778 (ib,
777 1718 808 1780 p.
824 1701 984 1780 oto-350),
999 1705 1031 1760 et
1044 1699 1172 1762 Aualatu

211 1790 275 1873 jur.
289 1791 439 1872 pontificii
447 1837 455 1869 ,
468 1793 519 1852 23·
535 1790 618 1866 livr.,
631 1788 689 1852 col.
706 1791 776 1865 349,
790 1794 848 1852 cte.
864 1790 957 1851 Seeus
976 1795 1080 1850 tamen
1094 1789 1171 1852 sentit

214 1885 326 1942 Auctor
342 1879 474 1942 Proeleet.
491 1879 526 1942 S.
542 1877 688 1960 Salpiai,
705 1889 737 1938 n⁰
752 1879 822 1956 656,
838 1879 878 1940 11:
891 1878 975 1958 juxta
991 1897 1084 1961 quem
1099 1877 1172 1958 Epis·

213 1987 307 2051 copus
331 1968 383 2052 qui
416 1968 520 2031 asserit
542 1987 574 2030 se
601 1985 667 2030 esse
693 1972 811 2030 certum
837 1965 875 2030 de
899 1967 1025 2044 delicto,
1050 1967 1173 2030 obtinere

214 2059 321 2140 poterit
334 2061 350 2121 b
366 2061 397 2121 S.
414 2061 524 2139 Gongr.
540 2063 574 2120 ut
587 2075 673 2120 suam
684 2055 914 2118 affirmationem
929 2056 1037 2119 babeat
1051 2075 1106 2139 pro
1119 2075 1174 2137 pro

213 2147 332 2210 batione
346 2145 514 2210 sufficienti.
528 2146 670 2209 Stremler
679 2147 750 2208 verb
756 2145 825 2222 {Des
837 2145 939 2207 Peinee
950 2144 1063 2224 ecelin,
1074 2165 1104 2228 p.
1114 2145 1173 2220 aar)

213 2236 349 2298 concedit
363 2235 445 2317 qubd
458 2235 490 2296 in
504 2234 563 2296 boc
575 2253 665 2312 casu,
679 2233 846 2297 dummodo
860 2235 927 2296 rerb
940 2233 1085 2298 delictum
1098 2231 1175 2297 luarit

213 2323 427 2402 commissum,
443 2323 590 2386 sententia
603 2323 743 2405 Episcopi
760 2323 798 2385 sit
810 2321 906 2386 valida
918 2322 1017 2388 donec
1031 2325 1049 2388 b
1063 2325 1095 2388 S.
1110 2321 1176 2387 Sede

213 2420 349 2474 revocata
363 2413 461 2476 luerit.

253 2505 344 2566 6015.
370 2503 414 2565 Re
441 2499 564 2584 quidem
587 2501 674 2578 verb,
700 2520 736 2564 cx
754 2501 867 2565 concil.
887 2499 1035 2580 Eridani„
1069 2500 1179 2565 ‹rnulla

213 2615 229 2652 ι)
253 2597 357 2655 contra
371 2592 465 2674 ipsius
479 2591 593 2654 Praelati
608 2591 792 2654 voluntatem
813 2608 955 2654 concessa
967 2589 1091 2654 licentia
1104 2590 1141 2654 de
1152 2609 1179 2652 se
1217 2619 1218 2624 κ

212 2703 228 2740 a
252 2684 421 2762 promoveri
440 2679 594 2758 faciendo,
613 2679 717 2742 autad
740 2681 856 2762 priores
876 2680 1017 2758 ordines,
1033 2679 1144 2761 gradus
1156 2687 1180 2742 et

213 2791 228 2828 ι)
253 2769 411 2850 dignitates
424 2770 484 2831 sire
498 2769 629 2832 bonores
643 2767 807 2847 restitutio,
823 2769 978 2848 suffragari
992 2789 1008 2826 n
1024 2775 1139 2850 potest;
1152 2787 1181 2830 ac

213 2858 339 2941 proinde
360 2859 391 2920 in
416 2877 488 2920 casu
502 2859 657 2920 sententiae
675 2857 741 2920 latae
758 2876 796 2919 ex
810 2857 968 2921 informati
981 2859 1179 2932 consciendi,

215 2965 276 3008 non
299 2953 397 3030 potest
419 2947 560 3029 appellari
583 2947 621 3010 ad
639 2946 902 3028 Metropolitanum
924 2954 976 3009 aut
993 2946 1088 3009 alium
1110 2947 1182 3028 Papi

215 3037 398 3114 inferiorem,
420 3043 454 3099 ut
470 3036 705 3120 supradiximus
720 3039 811 3115 (ott),
826 3043 856 3098 et
868 3041 984 3098 constat
997 3053 1035 3098 en
1049 3035 1183 3117 pluribus

214 3123 1180 3208 decisionibusS.congnconcil.utvidereestapudBencd.Xlt

215 3215 371 3298 (uesper,
388 3214 439 3277 lib.
459 3219 510 3294 la,
525 3234 592 3297 cap.
609 3218 646 3290 8,
661 3223 695 3276 n⁰
709 3217 758 3292 5),
774 3219 805 3277 el
813 3213 845 3276 in
859 3213 943 3278 Rulli
963 3212 1013 3276 Ad
1025 3211 1184 3276 Militantis

215 3305 349 3384 ejusdem
358 3305 521 3382 Pontilicis,
533 3316 566 3365 n⁰
579 3306 630 3380 23,
639 3308 669 3364 et
679 3319 727 3384 ap.
739 3301 907 3382 Bouixir'b.,
916 3321 946 3384 p.
956 3305 1026 3380 321,
1035 3303 1107 3386 323}
1118 3323 1126 3378 ;
1138 3299 1184 3364 sed

217 3393 244 3453 id
259 3413 320 3454 non
328 3393 452 3474 impedit
463 3393 626 3475 quominus
637 3389 730 3473 possit
739 3397 812 3454 tunc
820 3392 858 3454 ad
866 3391 975 3454 Sedem
986 3391 1183 3474 Apostolicam

217 3481 448 3562 recurri2idque
457 3481 599 3562 probatur
608 3479 1066 3543 exduabusdcolarationibuss.
1075 3482 1182 3559 Congr.

217 3568 307 3629 Conc.
325 3571 342 3629 a
361 3571 398 3632 D.
424 3569 519 3630 Bouix
533 3567 633 3629 relatis
651 3567 731 3648 (ib).
748 3569 849 3631 Prima
864 3569 908 3632 sic
925 3588 958 3632 se
976 3569 1068 3634 habet
1085 3587 1093 3630 :
1113 3563 1185 3628 «Ad

217 3675 232 3712 ι
257 3655 427 3718 instantiam
441 3657 580 3737 Episcopi
594 3655 789 3720 vercellensis
802 3659 987 3740 supplicatur
1000 3657 1182 3722 declarari...

219 3745 290 3804 si⁰
317 3745 365 3804 An
393 3743 514 3824 quando
540 3742 716 3808 ordinarius
747 3747 904 3828 suspendit
927 3747 1061 3830 aliquem
1087 3748 1185 3828 rigore
