2466 4258
286 187 372 236 arnan
395 187 531 234 rsarrns.
551 145 593 220 --Ι
611 185 799 234 rrrnnnrcas.
978 165 1037 229 'ill

37 311 223 387 potestate,
237 303 387 384 adquam
399 323 501 368 causae
513 303 762 368 matrimoniales
776 303 869 366 unice
881 308 1036 384 spectant,

36 397 183 459 irritum
195 413 232 456 ac
248 393 370 462 nullum
387 402 422 457 ut
428 393 587 474 judicetur
597 411 653 454 seu
665 391 851 472 declaretur,
860 393 926 474 ipsa
937 409 1038 455 sacra·

38 484 155 634 mqntti
178 481 325 564 dignitas,
342 482 575 564 ratiojustitiae,
598 481 831 554 et'animarum
856 480 942 544 salus
965 499 1038 563 pos-

41 583 80 635 tu
99 593 117 634 a
137 619 145 634 .

88 663 214 726 Verum
237 641 358 744 quanto
376 663 481 726 studio
499 666 682 744 quantaque
697 659 825 724 solertia
839 677 922 743 opns
937 661 987 738 sit,
1005 669 1039 723 nt
1091 685 1095 697 ·

41 753 81 814 in
100 751 241 832 singulis
255 751 382 815 casibus
397 749 759 832 alicuiusimpedimenti
768 749 947 812 dirimentis
960 750 1040 812 axis·
1064 763 1068 770 ·
1145 743 1148 748 ’

44 841 155 903 tentia
181 839 279 902 solide
304 839 539 923 comprobatur,
566 839 763 922 experientia
776 839 960 922 quotidiana
978 847 1040 900 tes-

46 939 157 993 tatur.
175 927 296 992 Namet
308 929 466 994 nonnulla
480 927 708 1010 impedimenta
724 935 799 990 sunt
813 927 880 1008 ipsa
896 943 952 1008 par
974 943 1041 988 sese

53 1019 197 1101 probatu
212 1017 415 1094 difficillima,
431 1027 463 1080 et
485 1035 568 1098 saepe
582 1017 750 1096 contingit,
766 1024 802 1079 ut
824 1015 904 1078 lacta
918 1034 957 1078 en
972 1016 1041 1096 qui·

50 1109 118 1171 bus
132 1107 335 1189 probationes
343 1107 412 1170 erui
424 1106 551 1182 debent,
567 1107 608 1168 lta
624 1104 853 1186 sintimplexa,
870 1105 1040 1184 iisquecir·

51 1196 262 1262 cumstantiis
281 1195 485 1272 involutant
499 1193 688 1258 difficillime
703 1195 814 1256 eadem
830 1192 995 1272 explicari,
1010 1199 1042 1256 et

53 1289 96 1350 de
112 1286 225 1348 iisdem
237 1284 395 1366 judicium
412 1281 545 1366 prolerri
557 1290 662 1364 queat.
678 1281 822 1359 Hincest‚
833 1282 1041 1362 quodSancta

54 1376 155 1444 Sedes
174 1391 232 1456 pro
250 1391 288 1440 ea
311 1372 538 1447 sollicitudine,
565 1373 629 1454 qua
642 1372 720 1434 tanti
736 1371 1041 1452 sacramentidigni-

57 1467 131 1542 tati,
147 1464 413 1528 administrationi
421 1461 791 1543 justitiae,etanimarum
805 1459 900 1524 saluti
912 1471 1042 1524 cautum

57 1569 189 1633 semper
204 1552 317 1624 noluit,
341 1569 516 1631 numquam
531 1550 650 1624 omisit,
669 1549 762 1612 editis
778 1557 958 1630 opportune
977 1550 1041 1613 sive

57 1639 346 1709 constitutionibus
361 1639 551 1728 Apostolicis
571 1640 637 1704 sire
652 1637 930 1711 instructionibus,
946 1657 1040 1719 regu-

57 1733 110 1796 las
124 1781 126 1788 ,
139 1727 358 1811 praescribere,
375 1745 511 1810 quarum
526 1745 598 1810 ope,
625 1727 662 1790 in·
686 1726 814 1790 casibus
839 1728 934 1790 etiam
958 1727 1041 1792 difli-

59 1819 239 1896 nidoribus,
266 1818 382 1880 veritas
402 1826 470 1880 tuto
494 1817 598 1898 detegi
625 1825 656 1880 et
673 1816 833 1898 iudicium
859 1827 945 1880 recte
969 1815 1042 1880 ferri

89 1917 182 1973 osset.

64 1931 306 2079 ρΕιιριιὶοιιῑίιι
321 2004 427 2060 tamen
450 2003 652 2075 compertum
676 2003 734 2077 est,
756 1995 965 2071 Patriarcbas,
985 1995 1043 2060 br·

64 2089 298 2174 cbiepiscopos,
317 2094 348 2147 ct
362 2085 533 2167 Episcopus
549 2084 750 2150 diversorum
763 2089 883 2150 ritunrn
904 2086 1044 2150 oriente·

65 2177 76 2240 l
94 2196 147 2240 ιιιιι
160 2175 202 2242 ob
216 2174 369 2255 speciales
382 2175 594 2250 conditiones,
613 2174 779 2255 inquibus
799 2193 907 2238 eorum
927 2174 1044 2238 dioece·

66 2284 115 2330 ses
140 2274 316 2341 versantur,
350 2282 414 2326 nnn
440 2281 567 2345 semper
596 2282 688 2346 possa
722 2263 835 2328 iisdem
857 2265 1045 2347 Apostolicis

66 2352 347 2418 constitutionibus
376 2361 472 2434 atque
504 2353 771 2418 instructionibus
805 2356 910 2436 quoad
937 2362 1045 2418 omnia

68 2443 354 2516 sesaconlormara‚
378 2460 437 2504 nec
452 2442 585 2522 proinde
604 2461 730 2526 semper
751 2443 902 2526 consequi
918 2444 1044 2526 plenam

69 2534 155 2596 iliam
182 2547 386 2614 processuum
406 2539 437 2592 et
456 2531 648 2610 judiciorum
666 2533 869 2614 legalitatem,
888 2552 959 2614 qnae
974 2541 1043 2596 tan·

72 2633 176 2703 tepere
199 2619 407 2684 desideranda
436 2631 517 2682 esset
554 2620 588 2684 in
616 2621 799 2703 hujusmodi
831 2624 932 2686 causis
966 2623 1046 2686 defi-

72 2711 205 2772 niendis.

111 2798 207 2872 Quare
236 2807 282 2875 ut,
301 2805 456 2881 quantum
472 2798 538 2860 steri
560 2807 674 2879 potest,
704 2817 867 2864 sacrorum
884 2793 1045 2866 canonum

72 2888 321 2970 praescriptiones
336 2887 368 2949 in
385 2905 420 2950 re
442 2889 519 2950 tanti
537 2892 688 2952 momenti
718 2891 864 2971 religiose
882 2905 1046 2954 serventur

74 2987 102 3037 et
114 2979 203 3038 simul
217 2979 403 3041 consulatur
414 2975 604 3057 specialibus
618 2979 867 3055 conditionibus,
883 2981 915 3040 in
929 2980 1046 3060 quibus

77 3075 232 3128 versantur
250 3065 421 3128 tribunalia
435 3067 936 3150 ecclesiasticapenesorientales¹
955 3068 1045 3132 Sum·

79 3169 142 3212 rnus
155 3150 296 3214 Pontilex
312 3155 480 3234 specialem
493 3154 733 3220 instructionem
749 3173 806 3238 pro
821 3154 979 3238 predictis
992 3157 1047 3218 tri-

79 3240 241 3303 bunalibus
259 3241 353 3320 jussit
366 3242 501 3316 exarari,
516 3261 586 3324 quae
605 3247 646 3308 ab
668 3248 705 3308 iis
721 3244 881 3318 omnibus,
912 3245 951 3306 ad
966 3263 1046 3326 qnos

78 3339 198 3412 spectat,
227 3341 380 3394 accurate
394 3333 572 3394 executioni
586 3335 764 3399 mandetur.
