2452 3984
185 255 244 318 tto
406 268 547 319 rsuram
566 269 667 320 romu
686 269 768 317 enarr
788 268 938 320 ornemur.

188 391 202 429 r
227 387 360 451 eumque
371 369 520 453 oportebit
533 369 635 450 (etiem
649 370 706 434 suh
719 371 808 452 poent
818 369 973 450 nullitatis)
983 371 1015 434 in
1029 373 1155 455 quolibet

187 481 202 518 n
227 465 295 522 actu
312 458 446 539 iudiciali
470 459 579 538 uitari,
601 458 707 523 adesse
731 457 862 522 examini
881 461 1005 522 testium
1020 507 1031 538 ,
1047 481 1117 526 roee
1128 473 1155 527 et

188 570 203 607 n
228 548 346 630 seriptis
359 548 541 612 Matrimonii
555 548 735 612 validitatem
757 547 852 626 tueri,
870 566 966 630 eaque
989 551 1092 614 omnia
1110 554 1157 617 de·

186 659 199 697 ι
225 636 336 700 ducere
362 655 430 720 quae
452 637 490 699 ed
512 637 738 701 Matrimonium
756 635 966 702 sustinendum
993 645 1157 707 neeessaria

184 746 199 786 n
224 725 368 790 censebit.
384 747 400 786 a
416 729 543 808 lnsuper
555 727 619 789 vult
632 725 769 790 Pontifex
782 731 817 789 ut
832 725 930 788 dictus
944 726 1085 790 defensor
1099 750 1157 796 non

185 815 334 898 appellet,
350 817 375 878 si
388 815 615 880 Matrimonium
635 815 848 897 pronuntietur
865 813 1000 879 validum
1005 836 1016 892 ;
1038 817 1158 884 econtra

186 913 219 966 ut
237 905 368 987 appellet
384 905 410 968 si
429 905 459 967 in
472 904 570 986 prima
588 905 731 966 instantia
743 903 957 986 pronuntietur
977 903 1156 988 invalidum;

185 999 215 1056 et
235 994 294 1068 hoo
308 994 424 1058 etiamsi
447 993 529 1056 nulla
551 1012 621 1074 pars
643 991 791 1076 appellet,
806 997 860 1056 aut
878 995 904 1055 si
921 995 940 1054 h
958 997 1015 1056 sut
1027 998 1158 1076 appella·

186 1083 267 1144 tione
281 1101 313 1145 se
323 1083 454 1146 desistat.
468 1082 533 1144 lmd
547 1082 637 1144 etiam
649 1083 667 1144 h
680 1081 815 1144 seoundt
826 1080 969 1146 instantia
981 1082 1161 1150 debebitde·

186 1169 286 1232 tonsor
299 1172 449 1252 appellare
461 1171 485 1232 si
500 1170 579 1233 male
592 1171 821 1252 pronuntiatum
835 1169 996 1234 existimet.

225 1259 382 1335 Ouinimd,
398 1261 422 1320 si
445 1259 672 1322 Matrimonium
681 1257 813 1321 validum
826 1257 858 1320 in
873 1258 1007 1324 seeundh
1020 1261 1163 1330 instantia

184 1344 274 1408 fuerit
287 1346 488 1422 declaratum,
504 1348 557 1410 sed
572 1354 695 1429 postea,
719 1353 803 1428 parte
825 1348 1013 1429 appellante,
1040 1352 1163 1418 nullitas

185 1434 265 1497 illius
279 1439 489 1517 pronuntietur
503 1437 533 1498 in
548 1437 651 1515 tertia,
674 1435 782 1518 poterit
802 1435 900 1499 dictus
920 1435 1081 1510 defensor,
1100 1443 1164 1506 sire

185 1524 267 1586 solus
287 1525 347 1588 sive
369 1525 524 1588 adhaerens
545 1525 628 1588 alteri
650 1525 747 1606 parti,
767 1525 805 1586 ab
824 1524 881 1588 bac
899 1527 987 1588 tertia
1010 1533 1164 1596 sententia

185 1613 345 1696 appellare.
361 1617 403 1677 lta
415 1613 558 1677 Stremler
569 1663 577 1691 ,
590 1631 628 1676 en
642 1613 747 1676 etdem
759 1615 874 1692 const,
888 1613 907 1696 ξ
920 1617 951 1687 8,
965 1618 1002 1677 ll
1020 1663 1030 1695 ,
1047 1621 1098 1680 ll.

224 1707 312 1766 6089.
330 1706 396 1765 Non
411 1704 528 1780 solhm,
543 1704 614 1765 ehnr
629 1703 762 1784 primum
776 1703 986 1782 constituitur,
1005 1706 1166 1783 juramen-

185 1797 250 1854 tum
272 1791 310 1854 de
328 1792 426 1855 ollioio
447 1813 503 1856 suo
521 1791 649 1854 fideliter
670 1789 821 1874 explendo
836 1797 979 1873 praestare
996 1793 1090 1858 dehet
1106 1797 1166 1862 de-

185 1881 286 1944 fensor
299 1882 497 1962 Matrimonii,
512 1881 564 1944 sed
578 1887 607 1943 et
620 1880 652 1942 in
666 1879 792 1961 singulis
805 1879 904 1944 causis
917 1879 985 1960 (h,
1000 1882 1019 1963 ξ
1032 1884 1078 1965 7).
1224 1885 1225 1944 f

224 1975 268 2034 Ex
282 1972 362 2036 dieta
375 1972 497 2034 Constit.
514 1971 581 2034 duae
599 1971 755 2034 sententiae
774 1967 1002 2034 eonformes‘de
1022 1973 1168 2039 nullitate

184 2061 377 2132 Matrimonii,
395 2062 412 2122 b
426 2060 535 2142 quibus
549 2061 627 2122 intra
640 2058 822 2122 decendium
836 2059 945 2122 nonsit
959 2061 1166 2142 appellatum,

185 2151 380 2229 requiruntur
404 2157 437 2211 ut
461 2148 641 2229 conjugibus
661 2149 699 2210 sit
727 2147 842 2211 licitum
862 2147 901 2210 ad
921 2166 1014 2212 noras
1037 2153 1169 2231 nuptias

185 2239 342 2300 convolare
362 2237 519 2320 :alioquin
542 2236 753 2299 contrahentes
784 2254 898 2300 novum
927 2237 1170 2304 Matrimonium

185 2326 326 2389 omnibus
341 2325 438 2409 poenis
452 2331 556 2388 contra
569 2324 746 2406 polygamos
759 2323 826 2386 latis
839 2325 1006 2405 subjacent.

224 2419 313 2479 6090.
333 2414 449 2477 «Saluo
463 2432 601 2496 semper,
618 2414 717 2494 inquit
738 2413 877 2477 Pontifex
893 2415 925 2496 (ξ
939 2417 999 2492 Η),
1019 2424 1049 2478 et
1069 2418 1172 2484 firmo

184 2525 199 2564 r
224 2503 771 2586 remanente...privilegioenusarum
781 2503 1059 2582 Matrimonialium,
1076 2527 1171 2590 quae,

184 2617 200 2654 n
223 2593 262 2654 ob
269 2596 487 2676 cujuscumque
497 2592 640 2674 temporis
652 2591 780 2672 lapsum,
790 2609 948 2673 nunquam
954 2597 1119 2659 transeunt
1133 2599 1173 2661 in

185 2705 199 2742 n
224 2701 289 2744 rem
300 2684 464 2762 judicatam
479 2701 486 2742 :
500 2681 553 2744 sed
575 2683 599 2744 si
625 2699 766 2744 noveras
789 2699 857 2762 quae
881 2699 942 2744 non
960 2681 1096 2747 deducta
1116 2689 1173 2750 rel

184 2793 199 2830 n
224 2773 359 2852 ignorata
373 2769 646 2851 fueritdetegatur,
667 2769 780 2833 resumi
799 2777 926 2852 possunt
948 2777 980 2832 et
1001 2789 1117 2838 rursus
1134 2777 1172 2842 iu

184 2881 199 2919 r
221 2859 395 2939 judicialem
409 2859 642 2922 controversiam
657 2859 799 2922 revocari.
817 2881 832 2917 n

222 2947 336 3010 lndieat
349 2954 453 3030 postea
470 2949 502 3030 (ᾗ
517 2949 568 3030 la)
586 2949 667 3030 Papa
685 2948 796 3028 quibus
815 2947 914 3011 modis
931 2950 1042 3031 poterit
1052 2955 1171 3034 provi-

184 3037 246 3101 deri
262 3037 368 3100 salario
386 3037 457 3100 dieti
470 3037 646 3100 defensoris.

224 3131 312 3192 6091.
337 3125 479 3188 Adhiberi
492 3134 593 3190 autem
608 3125 845 3190 debetdefensor
858 3125 1000 3208 praefatus
1013 3127 1044 3190 in
1056 3131 1174 3194 omni·

185 3216 256 3293 bus,
272 3216 324 3279 sed
339 3215 369 3278 in
384 3215 454 3278 solis
467 3215 566 3279 causis
580 3217 611 3278 in
626 3215 736 3296 quibus
751 3216 850 3297 egitur
862 3214 900 3277 de
914 3214 1015 3278 valore
1027 3217 1077 3278 rel
1094 3221 1174 3282 nul·

184 3305 264 3368 litate
286 3305 471 3368 matrimonii
492 3305 524 3384 (ᾗ
545 3307 575 3382 6)
592 3325 599 3364 :
614 3304 685 3368 hine
706 3321 804 3368 causae
821 3303 860 3366 de
881 3304 1096 3386 sponsalibus,
1124 3308 1173 3371 de

184 3392 528 3474 divortioquoadtorum
539 3399 568 3454 et
586 3391 816 3472 habitationem,
829 3397 905 3464 ete..
914 3393 1001 3474 luxu
1012 3412 1172 3458 normam

183 3479 257 3559 juris
270 3483 410 3542 ordinarii
425 3481 618 3562 expediendae
632 3488 713 3544 sunt.

225 3565 291 3629 Mon
305 3569 602 3650 aulemexoipiuntur
611 3571 629 3631 t
638 3571 812 3633 necessitate
820 3569 950 3634 habendi
959 3571 1172 3640 defensorem

187 3655 368 3718 matrimonii
377 3673 475 3718 cause
483 3657 1046 3738 inquiburertaridenrmrtrimonium
1058 3661 1172 3726 fuisse
