2548 3988
441 284 526 333 utura
540 229 679 336 *rannus
747 221 754 227 ·
992 273 1051 338 305

84 380 181 446 multis
195 384 268 447 locis
287 402 331 448 eae
348 401 409 447 uon
425 385 482 448 sint
504 387 536 448 in
550 406 608 450 usu
622 387 723 470 quoad
744 387 868 450 clericos
882 389 1051 453 minoribus

83 471 235 536 ordinibus
244 475 362 536 tontum
373 473 698 558 insignitoswespn„
710 476 808 553 id.,n·
817 477 927 558 5);sed
936 479 1051 560 ubique

83 561 245 645 Episcopus
258 569 357 646 potest
369 563 451 627 solus
465 563 639 645 hujusmodi
653 565 778 628 clericos
791 564 956 648 degradare
972 569 1049 650 (cap.

84 651 262 734 Beprudutio
275 658 313 728 2,
331 652 367 714 de
377 655 488 736 perois,
500 653 531 716 in
543 658 595 736 6⁰).

122 742 278 805 'tradendo
300 741 496 825 degradatum
514 743 608 824 iudici
628 743 785 823 secutori,
813 765 828 804 ι
848 745 986 808 Pontifex
1002 747 1053 810 de-

85 854 100 892 n
124 831 261 914 gradatur
274 831 434 896 efficaciter
448 841 527 896 etex
545 833 654 914 corda,
670 833 754 897 omni
768 834 910 896 instantit
924 853 979 917 pro
994 837 1052 898 mi-

86 944 99 979 o
123 922 247 984 serrimo
260 921 312 987 illo
325 922 468 986 derelicto
481 923 640 986 intercedit
652 922 770 1005 apud...
786 923 924 1006 (ipsum),
933 930 966 986 ut
979 926 1053 987 citra

85 1033 100 1070 o
124 1012 226 1074 mortis
241 1011 427 1094 periculum3
448 1011 495 1076 vel
508 1013 723 1092 mutilationis,
739 1020 844 1078 contra
856 1011 1053 1094 degradatum

85 1125 100 1161 1
123 1103 269 1165 sententia
283 1100 466 1165 moderetur.
485 1124 500 1161 o

124 1193 213 1256 6363.
235 1191 317 1255 Noto
330 1191 379 1254 hlc
392 1191 466 1274 quid
486 1190 594 1256 dixerit
612 1192 731 1256 Gohard
744 1191 810 1274 (Tr.
834 1190 883 1256 des
898 1191 1052 1276 bdadficas,

86 1289 158 1345 tom.
173 1286 210 1361 l,
221 1301 251 1364 p.
263 1281 334 1363 683)
343 1281 422 1344 circa
436 1280 590 1363 praelatam
604 1281 826 1365 degradationis
839 1299 962 1363 poenam
978 1301 986 1344 ε
1006 1306 1021 1342 n
1031 1283 1053 1345 ll

85 1396 99 1432 o
124 1391 174 1455 pa
193 1372 262 1454 plus
279 1370 353 1433 d’un
374 1371 464 1434 siecle
481 1391 541 1454 que
564 1371 677 1454 l'usage
697 1372 778 1436 dela
795 1370 990 1454 degradation
1009 1379 1055 1436 est

84 1487 99 1522 1
124 1461 202 1524 aboli
215 1461 291 1524 dans
303 1465 370 1523 tout
379 1459 408 1522 lo
419 1479 564 1544 royaume
578 1481 586 1524 :
600 1461 644 1525 les
657 1461 828 1545 frequentes
841 1462 1055 1526 contestations

2 1613 4 1618 ,
84 1576 99 1610 n
124 1569 183 1634 que
200 1549 462 1631 lesddgradatious
475 1537 1055 1632 occasiuunaiententrolesEvdqueset

85 1666 100 1702 o
124 1641 168 1704 les
187 1640 373 1703 Parlemeuts
386 1648 440 1702 ont
453 1641 631 1704 accoutumd
649 1659 700 1703 ces
712 1640 881 1706 derniersa
900 1642 974 1706 taire
988 1641 1055 1705 end·

85 1756 99 1792 o
125 1735 209 1795 cuter
229 1729 311 1793 leurs
326 1731 426 1792 arrets
439 1747 509 1792 sans
529 1730 573 1810 s'y
595 1731 718 1792 arreler.
739 1732 797 1794 Les
820 1717 977 1815 lurcones,
998 1751 1054 1796 no·

85 1846 100 1882 n
125 1820 265 1884 nobstant
287 1819 388 1882 l'arrdl
408 1817 446 1881 de
467 1817 723 1898 condamnation‚
743 1837 776 1883 sa
796 1820 1003 1903 pretendaient
1015 1839 1055 1884 en

85 1936 101 1971 n
125 1910 204 1974 droit
223 1907 261 1972 de
281 1910 438 1972 counaltrc
460 1912 693 1969 smumoirement
715 1907 740 1970 si
761 1907 790 1972 le
809 1909 903 1972 crime
923 1911 993 1972 dlait
1013 1910 1055 1972 du

85 2026 100 2061 n
125 2000 252 2063 nombre
274 1998 313 2062 de
330 2016 407 2062 ceux
420 2016 480 2080 que
494 1998 537 2059 les
558 2013 672 2058 canons
686 1997 842 2078 punissent
855 1996 893 2060 de
907 1998 935 2059 la
952 1997 1056 2080 degra-

86 2119 100 2152 o
126 2090 244 2166 dalion,
262 2107 333 2151 saus
357 2087 430 2170 quoi
449 2087 486 2149 ils
508 2087 651 2148 n’e'taicnt
674 2086 758 2166 plus,
782 2085 971 2164 disaient-ils,
995 2107 1056 2169 quc

85 2206 100 2242 o
126 2181 170 2244 les
184 2177 335 2242 ministres
344 2176 382 2239 de
397 2175 424 2238 la
433 2175 541 2259 justice
555 2176 710 2239 secutiere.
727 2178 783 2240 Les
797 2177 1001 2256 Parlamenls,
1016 2196 1056 2241 au

85 2297 100 2332 r>
125 2269 295 2346 contraire,
318 2267 507 2330 soutenaient
521 2284 580 2348 quc
598 2266 641 2329 les
654 2251 807 2350 llr'dques,
830 2285 870 2330 en
883 2273 959 2330 cette
972 2287 1058 2331 occa·

87 2385 102 2424 r
127 2363 211 2438 sion,
234 2357 370 2422 devaient
389 2375 428 2418 en
448 2373 518 2418 user
545 2373 665 2420 comma
685 2376 725 2419 on
747 2375 786 2420 en
808 2375 862 2420 use
883 2375 954 2420 avec
976 2376 1054 2436 eux,

85 2475 101 2514 a
128 2448 278 2532 lorsqu’ils
291 2445 454 2530 implorent
467 2445 495 2506 le
507 2443 577 2507 bras
591 2446 719 2508 seculicr
736 2465 814 2529 pour
827 2445 1004 2509 l’exdcution
1018 2445 1056 2510 de

83 2565 100 2603 r
125 2540 207 2605 leurs
229 2538 364 2613 ddecus,
386 2533 531 2615 duxquels
546 2552 587 2596 on
607 2534 734 2597 accorde
754 2551 876 2596 secours
898 2552 969 2596 sans
990 2553 1057 2598 era-

83 2655 99 2692 n
125 2632 226 2694 miner
239 2629 268 2691 la
279 2623 435 2708 jruticcde
444 2624 510 2686 leur
519 2621 696 2706 procedure.
708 2643 723 2682 a
735 2622 836 2686 Habes
849 2622 881 2685 in
892 2621 950 2686 hoc
959 2641 1058 2688 unum

83 2711 1058 2786 monumentumconsectariorumdellendorumdoctriuaaliber-

82 2817 182 2876 tatum
197 2809 426 2894 gallicanarum.

125 2905 218 2965 6351.
239 2900 277 2962 V.
293 2897 338 2960 De
351 2893 491 2976 iufamia.
510 2899 584 2955 rlaec
598 2909 688 2975 poena
701 2899 746 2955 est
758 2899 852 2956 status
866 2893 943 2958 lusce
954 2895 1053 2978 1119111·-

84 2992 160 3053 totis
172 2989 207 3052 ob
221 2987 331 3050 crr'mea
340 3004 397 3069 qua
410 2983 476 3066 puis
487 3001 553 3044 recu
561 2980 680 3065 publice
693 2981 825 3045 doletur.
842 2985 910 3046 Nou
923 2990 969 3046 est
982 2986 1058 3048 dun·

83 3084 169 3140 texat
183 3077 308 3158 simplex
321 3077 409 3137 bonae
429 3071 681 3149 sansadonia,
697 3071 750 3134 sed
768 3077 815 3136 est
828 3073 952 3154 insuper
964 3079 1057 3137 status

86 3167 120 3228 in
146 3181 208 3248 quo
232 3165 301 3246 quis
323 3163 510 3228 existimatur
531 3159 656 3242 positiva
677 3161 785 3225 malus.
806 3163 849 3224 lle
864 3161 987 3223 infamia
1013 3170 1057 3224 sat

83 3254 287 3318 disseruimus
317 3271 406 3334 supra
434 3251 653 3333 (19061913),
687 3259 717 3313 et
742 3251 854 3332 passim
877 3249 915 3311 de
936 3249 1057 3328 Judiciis

82 3346 190 3428 (5856,
206 3341 376 3422 etc.).llide
390 3337 849 3420 5111111111(111111111111111161,
865 3358 896 3420 p.
912 3343 961 3412 ll,
973 3343 1054 3409 etc).

128 3437 179 3497 Vl.
202 3433 247 3496 De
261 3431 485 3516 c'rrepulcritute
493 3428 660 3516 specialiter
672 3435 704 3492 ct
716 3427 812 3492 lusiirs
825 3426 956 3491 diximus
967 3445 1056 3514 supra

82 3529 197 3607 (1713,
214 3525 297 3610 etc).
