2462 3984
404 303 489 351 arasa
510 305 642 354 marrus.
949 291 1008 354 195

39 393 199 461 detlfficlali
215 400 352 482 publico,
366 421 395 464 u.
409 422 452 484 g„
468 401 506 464 de
515 403 692 465 Promotore
702 401 806 466 liscali.
821 403 897 466 Vide
911 405 1007 468 Bouix

38 485 94 560 (it,
104 507 137 569 p.
150 492 218 566 45);
228 490 375 554 Stremler
385 492 457 571 (nes
468 491 571 558 Peincs
579 491 690 569 eccles,
702 511 732 573 p.
744 495 805 572 96).
816 493 928 575 Excipe
937 496 960 556 si
971 513 1007 558 ex

36 573 138 639 delicto
151 578 274 642 occulto
287 597 376 660 greve
394 579 540 642 damnum
559 581 769 644 communitati
788 582 835 644 rel
855 581 1007 647 innocenti

35 661 216 729 immineret.
230 669 262 730 S.
278 669 400 750 Liguor,
417 668 484 747 tib„
498 677 532 730 n⁰
545 673 626 748 936).

69 754 160 818 5828.
176 791 218 804 -
230 759 263 820 3⁰
284 760 315 820 Si
329 760 400 822 read
418 759 535 821 crimen
549 757 703 822 occuitum
721 757 841 841 probari
856 769 1006 843 nequeat,

33 849 147 906 certum
161 852 208 908 est
220 848 303 930 qudd
319 867 380 910 non
399 849 494 930 possit
509 848 690 926 judicialiter
704 849 876 911 denuntiari
894 871 901 912 :
919 851 1007 914 inuti-

34 931 92 994 liter
105 935 194 996 enim
208 935 289 999 lama
300 937 503 1018 delinquentis
517 938 675 1000 laederetur
688 937 769 1020 apud
779 938 922 1016 judicem,
937 941 1008 1003 cirm

33 1021 82 1084 iste
97 1033 232 1106 nequeat
247 1027 278 1088 in
292 1046 363 1090 casu
378 1029 557 1090 sententiam
570 1026 774 1090 damnationis
787 1026 932 1108 prolerre.

67 1114 135 1175 lmd
155 1113 252 1196 judex
270 1116 386 1179 nullam
402 1116 663 1178 denuntiationem
677 1117 814 1196 accipere
830 1123 926 1197 potest
949 1118 1007 1180 nisi

34 1199 83 1280 ipsi
110 1202 280 1268 afferantur
305 1205 406 1268 medie
436 1205 615 1268 sufficientia
640 1204 679 1267 ad
705 1205 907 1287 probandum.
933 1207 1009 1270 vide

36 1291 186 1354 lterffenst.
204 1293 272 1374 (lib.
292 1299 331 1372 5,
353 1295 398 1357 tit.
422 1298 456 1372 l,
473 1297 504 1358 n⁰
522 1297 582 1372 89).
600 1295 836 1358 Controvertitur
849 1302 950 1358 autem
968 1315 1007 1358 an

34 1379 175 1443 delictum
194 1383 287 1462 possit
302 1383 491 1460 denuntiari,
512 1384 537 1446 si
556 1391 663 1466 praeter
677 1383 907 1447 denuntiantem
928 1405 1009 1450 unus

34 1472 147 1532 tantiam
163 1471 247 1534 testis
268 1480 387 1550 noscat;
412 1474 464 1536 sed
482 1473 541 1535 hoc
560 1473 681 1548 liceret,
697 1475 721 1534 si
743 1481 955 1556 procuraretur
977 1483 1009 1539 ut

34 1557 220 1622 denuntiatio
234 1581 287 1642 per
296 1563 417 1626 tertium
429 1559 523 1624 tieret.
540 1561 615 1624 Vide
630 1562 737 1638 Bouix,
747 1562 801 1640 id,
811 1583 841 1644 p.
859 1567 898 1624 ta
912 1571 942 1626 et
955 1571 1007 1628 tr.

70 1652 160 1712 5829.
185 1649 334 1714 Delictum
348 1651 520 1714 denuntiari
543 1651 680 1726 deberet,
700 1653 753 1713 etsi
779 1653 918 1734 nequiret
939 1673 1009 1735 prov

35 1735 113 1814 lari,
128 1739 154 1800 si
169 1746 305 1821 vergeret
318 1741 349 1802 in
364 1757 452 1822 grave
467 1741 693 1802 communitatis
704 1741 749 1802 vel
760 1741 837 1802 tertii
847 1743 1006 1823 damnum,

37 1833 63 1884 rt
76 1826 132 1890 hnc
141 1829 267 1910 quidem
279 1848 340 1891 non
351 1837 383 1892 ut
396 1830 554 1910 puniretur
568 1829 620 1892 sed
635 1835 666 1891 ut
681 1835 782 1910 posset
796 1833 967 1910 praecaveri,
979 1841 1009 1895 et

38 1913 91 1977 hoc
111 1926 156 1980 est
176 1917 345 2000 specialiter
365 1918 578 2001 applicandum
602 1917 722 1980 crimini
741 1917 890 1980 heereseos
907 1920 1009 1983 :unde
1121 1965 1124 1972 ·

39 2003 238 2072 damnatefuit
247 2007 286 2069 ab
295 2008 463 2072 Alexandro
474 2010 525 2068 Vll
535 2007 858 2089 propositiosequens:
873 2029 887 2066 a
900 2010 1009 2079 Quam-

41 2116 56 2150 υ
79 2094 120 2156 vis
137 2097 290 2159 evidenter
306 2097 360 2158 tibi
381 2103 496 2160 constet
511 2099 633 2158 Petrum
652 2113 718 2156 esse
733 2095 929 2176 haereticum,
946 2116 1007 2159 non

37 2205 54 2242 r
76 2186 184 2248 teneris
196 2186 377 2248 denuntiare
391 2187 415 2248 si
430 2185 558 2269 probare
573 2203 634 2246 non
647 2185 752 2265 possis.
770 2207 784 2243 o

75 2277 161 2338 5830.
185 2276 266 2338 Noto
279 2275 330 2338 hlc
343 2275 426 2356 qudd
445 2275 574 2337 crimina
588 2274 647 2335 sint
666 2274 833 2356 reputanda
855 2275 942 2339 tertio
958 2297 1010 2340 no-

38 2363 116 2436 cira,
131 2364 257 2446 quando
269 2383 323 2446 per
336 2366 416 2439 vim,
433 2364 660 2437 seductionem,
684 2365 868 2445 sortilegium
888 2373 1008 2447 patran-

36 2459 97 2528 tur;
114 2471 176 2515 non
189 2461 292 2516 autem
306 2453 375 2516 talia
388 2460 550 2516 censentur
564 2453 685 2534 quando
695 2455 833 2534 complex
845 2459 1009 2534 spontance

38 2542 194 2603 consentit.
208 2544 253 2603 lta
266 2542 410 2604 Stremler
424 2543 496 2624 (Dra
511 2542 615 2608 Peines
629 2541 742 2616 ecelis,
758 2561 788 2622 p.
801 2545 862 2618 95).

75 2633 162 2693 5831.
186 2629 308 2704 ocant.
320 2635 351 2694 1ο
365 2629 523 2706 Quomodo
533 2630 570 2692 sit
583 2626 720 2692 iacienda
728 2627 880 2710 Judicialis
893 2630 1010 2695 denun·

39 2717 139 2781 tiatio‘l

76 2810 163 2892 ltesp.
178 2812 293 2873 Omnes
306 2809 510 2872 solemnitates
524 2826 592 2890 quae
605 2810 636 2871 in
647 2807 838 2871 accusatione
853 2808 1010 2891 requirun-

41 2905 88 2957 tur
98 2897 206 2962 deberc
219 2899 372 2961 observari
386 2899 417 2960 in
424 2897 558 2979 judiciali
569 2896 798 2960 denuntiatione
810 2943 818 2974 ,
830 2905 858 2960 et
872 2897 930 2961 hoc
944 2901 1010 2981 qui-

41 2983 108 3047 dem
127 2987 182 3050 sub
196 2991 287 3071 poenl
307 2987 467 3062 nuditatis,
483 2989 606 3067 excepta
625 2992 726 3048 tamen
741 2986 935 3068 inscriptione
951 2993 1011 3069 qua

44 3081 191 3140 accusator
210 3095 290 3139 onas
304 3075 462 3155 injudicio
476 3075 622 3159 probandi
637 3083 781 3142 assumit.
798 3082 828 3137 et
841 3079 858 3138 a
873 3077 987 3138 fortiori
1001 3125 1009 3154 ‚

42 3166 99 3242 qui
112 3164 147 3227 ad
162 3183 284 3248 poenam
298 3163 417 3227 talionis
430 3183 495 3227 sese
514 3164 674 3244 obstringit
689 3185 696 3226 :
711 3163 777 3225 vide
796 3184 887 3245 supra
897 3169 1008 3242 (5899).

44 3251 100 3312 Scd
117 3253 237 3336 insuper
255 3254 418 3336 requiritur
432 3253 513 3335 quod
527 3252 719 3315 denuntiator
733 3253 907 3316 denominet
923 3259 1011 3314 testes

45 3347 74 3400 et
80 3341 166 3418 judici
178 3349 321 3425 suggerat
334 3343 526 3421 probationes
539 3341 728 3423 quashabet‚
744 3349 778 3402 ut
785 3341 878 3423 judex
888 3358 1013 3420 cognos-

46 3437 90 3488 cat
103 3447 139 3491 an
148 3431 335 3496 denuntiatio
349 3431 440 3513 recipi
452 3429 497 3494 vel
507 3429 590 3510 rejici
604 3430 723 3492 debeat.
733 3432 766 3490 ln
782 3447 925 3511 processu
941 3431 1012 3493 verd

48 3520 183 3596 perviam
204 3519 424 3598 accusatione,
444 3525 600 3582 accusator
618 3537 680 3580 non
700 3517 799 3578 statim
814 3516 852 3577 ab
874 3515 957 3578 initio
972 3524 1012 3582 tc·

50 3615 131 3669 netur
142 3608 338 3674 denominare
358 3617 463 3686 testes,
486 3609 619 3671 sedilios
634 3607 759 3688 ipsemet
774 3605 913 3686 producit
925 3625 1012 3668 com-

53 3699 152 3774 petenti
165 3707 300 3782 tempore
310 3721 317 3761 ι
328 3699 401 3762 dum
412 3699 443 3760 in
456 3715 597 3780 processu
612 3713 666 3777 per
676 3693 1013 3762 viamdenuntiationis„
