2462 3984
289 331 350 342 ””
408 361 647 416 unsaramma.
959 357 1016 422 140

55 452 149 514 citatus
171 461 201 516 et
223 457 371 522 citationis
395 464 530 526 notitiam
554 467 670 532 habens
693 489 870 556 comparere
893 476 1012 556 renuit,

56 541 130 602 nutto
143 542 240 624 ipsum
255 557 415 613 excusante
429 551 665 637 impedimento,
681 561 790 624 attalia
813 583 875 628 non
890 572 934 628 est
948 585 1013 628 am-
1139 593 1147 606 ·

56 629 125 707 ptius
136 631 323 713 audiendus,
338 655 395 701 nec
414 647 459 702 est
472 645 674 710 restituendus
694 657 799 712 contra
813 670 848 714 ea
866 671 936 734 quae
949 660 1015 718 acta

56 725 135 796 sunt,
159 723 225 804 ipso
253 728 472 792 contumaciter
498 731 640 813 absente3
664 737 722 800 alia
748 745 795 801 est
813 751 1013 824 praesumpta,

55 809 166 886 quando
178 810 307 876 dubium
319 821 364 878 est
376 835 416 880 an
429 818 467 880 ad
476 820 602 884 citatum
612 827 783 905 pervenerit
795 829 944 893 citationis
959 851 1014 894 no·

54 895 123 974 titia,
137 917 208 962 msa
227 920 340 986 nempe
360 924 422 988 quo
441 908 541 973 citatio
554 910 674 994 ipsimet
687 916 778 978 citato
791 935 854 980 non
876 918 933 981 tuit
946 919 1017 981 inti-

54 993 142 1064 mata;
158 987 189 1051 in
202 988 263 1053 hoe
276 1011 348 1056 casn
361 995 481 1060 auditur
498 1007 662 1065 contumax
676 1009 706 1065 et
719 1011 823 1068 contra
837 1007 1028 1086 sententiam,

54 1075 223 1156 restituitur,
250 1080 277 1142 si
304 1085 438 1163 venerit,
466 1091 498 1148 et
523 1106 610 1152 suam
637 1091 805 1156 absentiam
832 1097 1018 1159 excusaverit

53 1163 120 1244 (rap.
136 1164 162 1229 C
162 1168 213 1228 aim
227 1169 407 1235 Bertholdua
420 1177 476 1252 ta,
494 1175 529 1239 de
541 1186 665 1242 sentent.
680 1189 710 1242 et
723 1201 756 1244 re
768 1183 890 1266 judic).

87 1253 198 1324 Quibus
204 1265 308 1324 autem
322 1261 420 1327 modis
432 1267 631 1330 constituatur
642 1272 842 1350 contumacia,
852 1274 1017 1356 explicatur

54 1341 356 1428 tSohmalagrueber,
370 1370 420 1433 ap.
437 1352 545 1432 Bouix,
560 1356 605 1418 De
617 1357 757 1436 dediciis,
773 1369 847 1426 tom.
862 1366 893 1440 2,
909 1383 940 1446 p.
957 1367 1015 1427 465

53 1437 79 1491 et
90 1435 158 1510 toa3
173 1443 204 1498 et
222 1437 388 1518 Reiffenst.‚
405 1441 448 1504 De
460 1442 603 1524 dediciis,
619 1446 663 1508 tit.
683 1452 695 1510 t
702 1453 732 1525 t,
750 1461 786 1512 ηο
801 1455 850 1530 62,
867 1459 924 1514 etc.

87 1521 256 1606 Notaqudd
271 1527 295 1588 si
309 1545 378 1592 reus
392 1528 422 1591 in
433 1531 530 1612 prima
543 1533 682 1598 instantia
695 1536 804 1602 dixerit
813 1540 844 1600 in
853 1539 972 1621 judicio
982 1561 1015 1606 se

55 1610 124 1674 nolte
147 1613 282 1696 amptius
311 1635 506 1700 comparere,
529 1625 718 1688 contumacia
745 1625 780 1689 na
799 1628 956 1704 manifesta
978 1649 1016 1694 cx

54 1715 111 1780 cap.
122 1701 352 1786 venerabilitas,
364 1707 383 1788 ξ
395 1711 501 1788 Pone,
514 1711 551 1774 de
561 1721 684 1778 sentent.
699 1735 853 1798 excomm,
868 1718 897 1780 in
909 1722 957 1797 6⁰3
968 1739 1016 1782 se·

57 1804 101 1849 aus
113 1790 136 1851 si
149 1791 210 1855 hoc
224 1791 333 1857 dixerit
345 1798 597 1879 extrajudicium.

88 1882 169 1944 5902.
193 1882 301 1947 Plures
324 1902 424 1950 causae
448 1893 631 1956 excusantia
656 1894 868 1974 contumacia,
894 1896 1017 1960 adversa

57 1971 153 2050 nempe
171 1971 326 2054 valitudo,
340 1976 474 2042 absentia
493 1979 677 2062 Reipublicae
697 1985 807 2061 causa,
827 1989 950 2066 tempus
971 1985 1016 2048 te·
1058 2013 1065 2056 ῃ

59 2053 166 2140 rictum,
182 2068 243 2125 etc.
259 2064 430 2128 Generatim
447 2069 670 2134 acontumaoid
679 2077 801 2133 excusat
814 2073 915 2134 omnis
927 2090 1017 2137 causa

58 2160 190 2214 excusans
204 2170 245 2214 ne
258 2153 366 2218 citatus
377 2175 553 2240 comparere
566 2159 684 2224 debeat.

88 2237 114 2298 Si
128 2241 228 2306 iudici
242 2251 392 2309 constaret
413 2246 453 2310 de
466 2247 615 2329 ejusmodi
628 2250 847 2334 impedimento
861 2257 892 2316 et
903 2253 1016 2319 nihilo·

53 2327 146 2393 minus
157 2334 339 2396 sententiam
353 2337 579 2418 pronuntiaret,
592 2339 686 2423 ipsius
698 2342 848 2406 sententia
861 2350 940 2406 esset
949 2344 1014 2426 ipso

50 2419 110 2501 jure
122 2421 222 2498 nutia3
235 2421 261 2484 si
275 2424 345 2486 vero
358 2425 609 2507 impedimentum
627 2430 809 2511 ignorasset,
825 2451 878 2513 per
892 2433 923 2494 in
938 2433 1015 2497 inte-

52 2529 133 2591 grum
145 2512 366 2576 restitutionem
384 2514 429 2577 vel
445 2513 534 2592 alias,
557 2517 589 2579 in
603 2517 764 2599 pristinum
784 2525 895 2581 statum
909 2521 1017 2584 citatus

51 2602 150 2683 reponi
163 2601 295 2666 deteret.
312 2605 355 2665 lta
367 2603 427 2666 Lex
440 2605 608 2668 iustiniana
621 2623 670 2687 ap.
687 2605 784 2669 Bouix
797 2606 865 2686 (id,
885 2626 915 2690 p.
934 2613 1013 2690 tor).

85 2693 173 2754 5903.
197 2691 356 2764 Quomodo
377 2699 478 2758 autem
492 2694 530 2757 sit
549 2694 776 2778 procedendum
789 2703 894 2760 contra
908 2705 1014 2764 contu·
1063 2720 1066 2726 ·

51 2781 188 2843 maram?

88 2871 259 2946 Generatim
271 2870 309 2935 de
319 2872 389 2953 jure
400 2873 564 2955 procedere
577 2877 682 2937 contra
702 2879 911 2941 contumacem
922 2879 1014 2960 judex

52 2976 110 3020 non
123 2959 212 3022 debet
227 2959 285 3023 nisi
299 2961 337 3023 ad
350 2962 522 3026 instantiam
536 2963 628 3045 partis
641 2963 792 3028 adversae:
811 2967 834 3028 si
849 2969 932 3030 enim
947 2990 1015 3052 pars

53 3046 168 3112 aduersa
181 3047 255 3112 nihil
265 3055 361 3132 petat,
370 3053 539 3115 consentire
549 3052 664 3115 videtur
674 3053 704 3115 in
716 3053 892 3121 absentiam.
903 3059 1015 3142 Excipe

53 3137 76 3194 si
86 3135 175 3213 judex
187 3137 363 3220 procederet
382 3157 420 3203 ex
434 3139 543 3204 officio.
559 3140 633 3204 Vide
646 3141 820 3223 liddensi„
836 3146 1012 3222 deludio,

53 3242 119 3303 pars
131 3230 160 3304 t,
176 3227 265 3304 tina,
280 3228 326 3291 tit.
343 3231 392 3306 tt,
404 3227 444 3290 η’·
453 3229 505 3308 66,
516 3232 680 3294 tit-Hac
689 3231 871 3295 dicunturin
887 3253 1012 3314 genere3

53 3319 86 3372 ut
98 3315 164 3376 aero
175 3315 214 3378 ad
233 3315 383 3380 variorum
402 3335 529 3381 casuum
547 3320 729 3384 solutionem
744 3319 953 3398 deveniamus,
968 3323 1014 3387 vet

52 3401 146 3480 agitur
159 3404 197 3467 de
209 3411 309 3468 actore
324 3412 353 3469 et
368 3407 400 3468 in
414 3406 471 3470 hoc
483 3427 555 3472 casu
570 3409 755 3473 observanda
769 3415 840 3472 sunt
852 3427 919 3492 cap.
937 3410 1013 3474 Cau-

53 3507 110 3550 acm
123 3495 151 3561 3,
167 3493 211 3556 tit.
229 3498 278 3572 tt,
295 3494 346 3556 tib.
362 3499 381 3558 Ξ
395 3497 526 3576 Deerat,
537 3505 568 3561 et
580 3517 646 3581 cap.
663 3504 692 3572 t,
707 3499 754 3560 tit.
771 3502 801 3575 6,
813 3497 864 3562 tib.
880 3503 899 3562 2
913 3499 945 3563 in
959 3504 1012 3582 6⁰3

53 3578 96 3640 ret
113 3583 209 3664 agitur
220 3582 259 3646 de
275 3602 346 3664 reo,
360 3591 390 3648 et
401 3583 499 3650 forma
515 3587 700 3652 observanda
713 3589 745 3649 in
758 3586 816 3650 hoc
838 3605 909 3652 casu
925 3609 1014 3674 expo·

56 3668 131 3731 nitur
152 3671 231 3754 apud
260 3671 356 3738 Bouix
378 3675 433 3753 (De
451 3675 563 3752 dudio,
591 3684 666 3738 tom.
691 3681 726 3753 2,
745 3694 776 3758 p.
801 3680 889 3756 558);
913 3679 1014 3760 Soglia

57 3755 152 3830 (instit
171 3760 232 3828 jur.
248 3761 340 3838 aria,
354 3763 473 3846 5ἳ10);
489 3763 643 3827 Reiffenst.
659 3763 725 3839 (tt,
741 3766 1013 3838 n¹¹diO·id'1);vet
