2548 3988
485 203 571 248 araca
591 203 721 250 marrus.
1030 187 1089 250 325

156 300 246 361 6100.
269 331 310 342 -
329 300 352 361 Ι.
375 301 409 360 ln
423 298 558 361 censuris
571 299 734 380 requiritur
753 299 879 362 monitio
893 300 954 377 rel,
971 300 1043 382 quia
1055 309 1091 364 ut

116 385 249 448 diximus
263 404 354 468 supra
367 387 467 466 (6360)
481 405 618 450 censurae
628 393 806 468 suntpoenre
817 386 1012 450 medicinales
1021 407 1090 470 quae

116 472 239 538 nonnisi
261 475 292 536 in
313 481 508 539 contumaces
531 474 601 538 lerri
622 475 734 539 debent
755 492 765 538 t
786 475 870 539 unde
891 477 1013 558 quando
1029 497 1091 540 non

116 564 318 645 imponuntur
339 564 371 628 in
385 563 512 627 modum
534 563 711 642 medicine,
735 562 789 627 sed
805 564 904 626 solnm
918 565 949 626 in
963 566 1090 628 modum

116 671 209 716 merae
223 671 322 734 poente
340 652 380 716 ad
397 653 588 736 punitionem
609 653 723 736 peccati
736 653 899 735 preteriti,
915 654 996 735 quod
1016 673 1090 718 con·

116 741 234 824 tingere
247 747 346 824 potest
359 742 390 804 in
414 743 612 824 suspensione
625 747 678 804 aut
690 741 722 804 in
736 741 896 805 interdicto
918 743 1090 824 particulari

116 831 191 912 (non
204 831 276 894 vero
289 829 437 912 generali)
450 879 459 910 ‚
476 838 547 896 tunc
561 849 624 894 non
637 829 800 912 requiritur
816 829 942 892 monitio
955 833 1009 895 rei.

157 919 283 982 Monitio
304 925 406 983 autem
420 925 465 983 est
487 920 649 983 declaratio
662 919 741 982 facta
754 921 773 980 a
787 918 890 999 judice
903 919 1092 1004 delinquenti

116 1007 201 1090 qudd
215 1008 252 1070 sit
265 1027 425 1072 censuram
450 1009 647 1086 incursurus,
662 1008 687 1070 si
708 1026 771 1070 non
785 1008 941 1090 resipiscat
957 1016 1009 1072 aut
1028 1029 1091 1076 non

117 1103 231 1178 pareat.
255 1095 360 1160 Differt
381 1099 400 1160 a
422 1096 581 1174 citatione,
604 1095 644 1160 de
670 1098 731 1178 qut
752 1095 844 1160 locuti
868 1115 975 1161 sumus
1000 1117 1091 1182 supra

116 1185 203 1267 (5891
218 1231 226 1264 ,
242 1189 332 1266 etc),
347 1186 379 1248 in
393 1203 430 1249 eo
447 1185 530 1268 quod
544 1185 671 1249 monitio
684 1184 736 1246 fiat
749 1189 783 1247 nt
800 1185 939 1249 subditus
958 1191 1090 1254 caventa

117 1292 152 1338 re
169 1274 275 1354 vetita,
296 1281 367 1349 aut,
392 1269 419 1338 si
432 1274 608 1338 mandatum
628 1279 833 1356 transgressus
853 1276 911 1350 sit,
934 1277 973 1340 ab
986 1277 1091 1342 inobe-

116 1361 232 1426 dientia
252 1363 372 1427 recedat
386 1383 394 1425 τ
409 1363 484 1426 dum
505 1363 605 1426 citatio
627 1361 663 1425 lit
683 1369 717 1426 ut
739 1381 809 1426 reus
822 1381 924 1426 coram
943 1365 1045 1446 judice
1058 1385 1093 1432 se

117 1451 219 1529 sistat,
234 1460 269 1516 ut
281 1453 477 1536 respondeat,
493 1470 525 1516 se
538 1451 694 1530 defendat,
709 1459 761 1516 eut
781 1454 961 1518 sententiam
977 1456 1089 1521 audiat.

159 1544 249 1604 6110.
271 1544 393 1616 Quaerit.
409 1545 457 1606 Aa
471 1541 598 1604 monitio
611 1541 649 1604 sit
661 1542 804 1624 requisita
819 1542 877 1606 sul>
890 1547 981 1627 paene
999 1545 1090 1610 nulli·
1208 1541 1211 1550 ’

117 1631 188 1694 tatis
201 1633 362 1694 censurae?

159 1723 249 1803 ltesp.
268 1725 300 1784 1ο
313 1722 399 1785 Certe
412 1725 611 1786 monitionem
625 1728 658 1784 in
678 1722 815 1786 censuris
826 1741 893 1787 esse
915 1724 1091 1808 requisitam

117 1809 158 1873 de
181 1811 356 1874 necessitate
377 1812 519 1894 praecepti
542 1811 632 1874 etiam
656 1812 763 1892 gravis.
786 1815 829 1874 lta
852 1813 936 1876 enim
956 1814 1092 1880 sehabet

120 1900 266 1964 Alexand.
282 1901 332 1978 ill,
347 1900 379 1964 in
393 1919 460 1984 cap.
477 1899 727 1982 Reprelrerasa'bilis
740 1903 792 1979 06,
802 1899 838 1963 de
850 1901 959 1984 appell.
977 1921 986 1965 r
1003 1905 1092 1968 «Sta-

118 2011 135 2052 »
159 1989 273 2056 tuimus
286 1996 320 2053 ut
332 2008 390 2054 nec
400 1988 534 2067 Praelati,
545 1988 605 2050 m'at'
613 1987 751 2050 cononica
759 1989 918 2052 monitione
925 1993 1089 2072 promised,

118 2102 135 2140 a
160 2079 367 2162 suspensionis
387 2077 434 2142 vel
454 2077 775 2142 excommunicationis
794 2079 975 2142 sententiam
994 2079 1093 2144 lerant

100 2173 136 2230 'a
159 2167 192 2231 in
212 2168 364 2247 subditos,
380 2167 438 2230 nisi
451 2166 528 2231 lorte
549 2165 617 2230 talis
635 2166 675 2230 sit
688 2167 779 2250 culpa
796 2185 865 2250 quae
878 2169 945 2250 ipso
967 2187 1023 2234 suo
1037 2189 1092 2252 ge-

118 2280 136 2318 r
157 2275 230 2322 nere
243 2257 449 2341 suspensionis
462 2262 514 2320 aut
525 2257 848 2320 excommunicationis
861 2275 985 2340 poenam
1001 2257 1091 2324 indu-

120 2369 136 2407 a
159 2351 216 2410 cat.
231 2369 248 2408 r
267 2351 315 2411 An
328 2352 429 2410 autem
443 2345 630 2428 sitrequisita
644 2345 702 2408 sub
714 2345 969 2427 poendnullitatis‚
980 2347 1091 2432 duplex

121 2442 167 2499 est
179 2438 326 2501 sententia
338 2433 501 2518 probabilis
516 2453 525 2495 ι
540 2433 594 2496 sed
607 2432 761 2496 affirmans
771 2433 899 2498 hebetur
908 2441 942 2499 ut
956 2453 1092 2501 commu·

121 2527 189 2588 nior
201 2525 232 2591 e't
250 2524 457 2608 probabilior:
473 2529 503 2586 et
522 2523 666 2606 probatur
679 2541 716 2585 ex
737 2541 805 2604 cap.
823 2522 989 2588 statuimus
1006 2530 1042 2605 6,
1057 2525 1092 2588 dc

119 2624 193 2678 sent.
208 2633 364 2693 excomm,
378 2614 412 2675 in
424 2613 467 2691 6⁰,
481 2610 535 2675 ubi
549 2609 658 2674 dicitur
669 2610 753 2693 quod
764 2611 830 2674 sine
837 2611 990 2694 promised
1002 2613 1093 2676 moni·

121 2706 217 2784 tione,
241 2701 502 2769 excommunicatio
523 2699 585 2762 lato
607 2718 665 2761 nou
686 2709 803 2778 teneat;
825 2701 906 2764 idem
928 2701 1037 2769 dieitur
1059 2704 1093 2767 in

119 2815 187 2880 cap.
205 2794 306 2858 Corrst.
320 2797 357 2868 9,
373 2791 469 2871 ejusd.
484 2790 578 2868 tituli,
594 2789 626 2851 in
640 2793 672 2851 6ο
688 2795 812 2852 :contra
824 2791 1091 2875 tamenallegetur‚

119 2903 187 2968 cop.
212 2883 278 2947 Duo
290 2891 359 2946 aaut
380 2885 429 2960 10,
448 2880 518 2942 dist.
534 2882 591 2958 96,
610 2877 663 2942 ubi
683 2878 793 2942 dicitur
806 2878 889 2962 qudd
907 2881 1094 2946 Innocent.1

120 2971 394 3038 excommunicavit
419 2968 580 3034 Arcadium
601 2966 642 3030 ob
658 2966 803 3032 delictum
816 2971 1017 3052 praeteritum3
1039 2971 1094 3034 sed

121 3057 321 3144 respondetur
345 3059 428 3143 qudd
460 3057 606 3121 Arcadius
637 3059 915 3121 excommunicatus
941 3059 997 3121 fuit
1023 3059 1095 3140 quia

123 3157 263 3214 sanctum
277 3150 524 3233 chrysostomum
537 3147 648 3226 iniuste
666 3147 750 3229 prius
763 3147 893 3226 ejectum
905 3147 1002 3210 noluit
1012 3165 1094 3210 ravo

123 3257 203 3304 care.
219 3238 349 3304 Proinde
368 3257 429 3302 non
443 3239 501 3302 tuit
522 3237 802 3300 excommunicatus
815 3242 938 3318 propter
950 3234 1094 3300 delictum

122 3328 321 3416 praeteritum.
345 3327 531 3412 Responderi
544 3326 636 3389 etiam
650 3330 748 3408 potest
767 3324 849 3407 qudd
869 3325 1010 3406 obligatio
1024 3343 1094 3388 mo-

125 3413 1096 3495 nendianteexcommunicationem,nonestjurisdivini3proinde

123 3528 215 3593 super
228 3508 287 3572 hoc
300 3507 428 3591 potuita
441 3510 474 3570 S.
490 3503 637 3568 Pontifics
656 3502 823 3586 dispensari
837 3502 883 3565 vel
896 3501 980 3566 aliter
993 3505 1097 3586 provi-

124 3599 188 3666 deri
203 3597 376 3682 (Stremler,
396 3595 456 3659 Dm
473 3594 579 3658 Prinas
595 3591 708 3670 accida,
729 3611 761 3674 p.
781 3593 862 3672 011).
884 3625 924 3640 -
945 3592 1097 3676 allegatur

244 3721 275 3772 r.
296 3718 339 3773 ιι.
939 3699 979 3764 10
1085 3756 1089 3764 ,
