2452 3984
435 274 523 324 umen
544 271 676 320 rrnrrns.
987 259 1045 322 105

70 375 175 440 mortis
189 377 222 440 in
235 373 394 439 haereucos
409 373 617 451 decernentes,
633 379 748 436 constat
762 391 798 436 ex
808 374 894 437 Rullo
905 373 978 436 Cum
993 373 1045 434 ad-

69 486 184 542 versus,
202 465 289 528 Bulle
304 464 378 528 Ciam
391 483 479 546 super
491 469 522 526 ei
535 461 619 524 Bulld
635 461 686 524 Ad
696 463 874 543 extirpanda
886 465 991 524 lnnoo.
1007 463 1046 522 IV

71 550 1047 632 (rideBuller.Dominicanorum)‚ettandemerBuildComaduer·

70 664 116 706 sus
126 643 277 705 Glernent.
297 643 335 702 lv
351 647 381 703 ei
393 639 564 706 euriacum
580 638 716 702 adversio
729 639 842 703 Nicolai
856 641 906 700 IV.
921 639 1045 718 (Bouix,

28 748 31 752 ’
72 733 124 810 io,
140 751 172 813 p.
189 733 347 808 390305.)

109 824 178 883 Non
195 825 269 882 sunt
291 825 394 882 nutem
415 817 557 882 audiendi
572 816 727 881 amtholici
747 817 919 880 fabulosum
939 836 1047 880 nume·

69 927 138 972 mm
161 907 377 970 haereticorum
399 908 462 988 igni
490 907 702 970 damnatorum
726 912 893 970 narrantes.
918 907 1048 970 Multum

71 997 200 1060 enimin
214 996 274 1059 hoc
288 1001 482 1078 exaggerant,

452 1263 600 1333 CAPUT
623 1264 669 1334 V.

247 1422 291 1473 nn
313 1419 472 1475 rnoonssu
495 1421 595 1473 onum
619 1421 871 1476 noonnsnsrroo.

109 1567 203 1628 0039.
227 1563 334 1626 Sicut
325 1583 358 1625 rn
380 1561 447 1626 ioro
467 1563 602 1627 soeculari
623 1563 772 1630 habentur
786 1587 849 1630 non
864 1569 963 1633 solum
976 1589 1046 1652 pro-

72 1672 175 1716 cessus
196 1651 386 1731 criminales,
405 1651 458 1714 sed
478 1659 549 1716 sunt
570 1654 660 1716 etiam
680 1655 801 1735 civiles,
823 1658 863 1719 ito
884 1659 967 1722 etin
982 1660 1047 1724 foro

73 1742 302 1806 ecclesiastico·
324 1759 483 1823 processus
504 1748 604 1805 autem
618 1743 719 1806 civiles
740 1750 811 1808 suni
824 1746 895 1807 illi
888 1749 1047 1830 inquibus

74 1851 135 1894 non
147 1833 247 1914 agitur
261 1829 299 1893 de
312 1831 435 1913 publice
449 1831 575 1912 alicujus
589 1832 689 1896 delicti
703 1834 850 1914 vindicte,
865 1836 917 1898 sed
937 1837 975 1899 de
989 1839 1048 1902 alio

76 1923 175 2004 aliquo
190 1920 357 1984 obtinendo
370 1921 453 2003 quod
476 1920 622 1983 interest.
638 1942 667 1985 v.
691 1942 722 2004 g
743 1923 767 1984 si
787 1923 824 1985 lis
844 1929 1048 1990 moveaturde

74 2011 172 2074 miore
192 2011 321 2090 aiicujus
344 2011 546 2090 matrimonii,
569 2010 615 2072 vel
637 2008 675 2073 de
696 2011 901 2090 jurisdictione
921 2013 1048 2094 alicujus

73 2101 205 2178 Praelan,
221 2099 259 2162 de
273 2099 429 2182 privilegio
442 2099 632 2178 monosterii,
645 2105 703 2162 etc.

112 2190 236 2252 Plura
225 2207 308 2268 Jam,
323 2189 363 2252 ob
384 2189 580 2252 materiarum
602 2187 839 2269 connexionem,
854 2189 987 2256 diximus
1009 2192 1048 2258 de

74 2297 218 2362 processu
229 2277 322 2354 civili3
339 2297 407 2360 quae
418 2285 578 2360 supersunt
592 2277 756 2355 dicendo,
749 2297 779 2340 m
789 2278 866 2342 duos
879 2280 1047 2347 dividemus

73 2368 216 2432 articulos
234 2385 241 2426 :
257 2367 288 2428 in
305 2368 333 2428 1⁰
346 2367 484 2430 dicemus
497 2365 535 2428 de
549 2385 691 2448 processu
705 2367 857 2430 ordinario
875 2369 907 2430 in
923 2373 1047 2434 materia

75 2458 151 2518 civili
168 2475 177 2516 :
193 2456 226 2516 in
238 2460 270 2518 2⁰
284 2455 412 2518 formem
426 2454 524 2518 causis
534 2455 804 2518 matrimonialibus
817 2458 969 2538 proprium
983 2460 1048 2522 des·

74 2546 240 2608 cribemus.

501 2697 581 2760 ART.
606 2695 628 2760 1.
684 2718 688 2723 ·

208 2843 247 2890 nn
266 2841 410 2888 rnocnssu
431 2840 590 2888 onnmnnro
610 2841 641 2887 ru
662 2840 792 2888 unrrnm
814 2843 911 2892 orum.

115 2988 207 3048 omo.
231 2981 319 3045 lilum
333 2979 493 3044 articulum
507 2979 537 3042 in
558 2979 635 3044 duos
647 2983 849 3065 paragraphos
862 2987 1045 3066 partiemur:

79 3073 108 3135 in
132 3076 162 3136 {⁰
183 3071 338 3134 trademus
361 3086 559 3133 communem
581 3071 713 3134 civilium
735 3091 933 3153 processuum
957 3077 1046 3138 telam

80 3161 291 3238 summariam3
310 3159 343 3222 in
364 3163 398 3222 2⁹
417 3159 554 3221 dicemus
566 3158 605 3222 de
624 3161 766 3224 remediis
779 3167 884 3224 contre
905 3163 1048 3241 injustam

82 3250 269 3312 senientiam.

536 3383 598 3466 §1-

163 3511 332 3578 Communis
345 3531 529 3596 processuum
550 3511 682 3576 civilium
703 3512 763 3577 telo
783 3514 954 3582 summaria.

120 3665 210 3726 oon.
231 3695 272 3710 -
291 3663 315 3722 r.
339 3623 686 3722 Detiulzo.sudioiun1
709 3660 794 3722 coru
817 3661 936 3726 initium
958 3663 1048 3726 sumu
