2466 4258
340 173 425 219 trouu
445 171 582 221 rsnrrtts.
603 188 643 204 -
663 171 852 219 trrnnmoss.
1018 152 1078 216 tob

134 282 195 346 lX.
208 283 365 361 -Quoad
382 287 519 368 poenalia
534 288 649 363 media,
663 287 916 352 animadvertent
930 305 1076 352 reueren-

89 371 222 436 dissimi
233 377 401 451 Ordinarii,
416 378 560 456 praesenti
576 376 783 440 instructione
795 377 880 440 baud
891 377 1076 458 derogatum

89 479 167 525 esse
192 463 387 546 judiciorum
409 465 675 540 solemnitatibus,
704 483 760 546 per
789 485 895 530 sacros
918 466 1075 539 canones,

90 569 154 632 per
169 552 364 636 Apostolicas
378 557 624 620 constitutiones
636 563 668 618 et
682 555 761 618 elias
774 556 1001 619 ecclesiasticas
1016 555 1076 618 dis·

89 641 272 722 positiones
299 646 472 726 imperetis,
493 655 650 727 quatenus
673 644 792 708 easdem
820 645 921 708 libere
943 643 1077 707 efficaci-

90 741 210 814 terque
222 733 375 816 ep'plicari
388 745 525 818 queaut3
542 735 595 798 sed
612 734 816 797 oeoonomicae
832 735 941 798 lormae
966 751 1076 797 cousu—

92 821 203 884 sulere
243 825 413 888 intendunt
457 825 520 888 illis
558 824 685 887 casibus
717 823 894 906 inquibus
920 822 1077 886 solemnes

93 927 276 990 processus,
306 922 360 977 ant
383 913 528 978 adhiberi
562 922 734 995 nequeant,
759 923 904 978 autnon
930 911 1078 996 expedire

93 1001 277 1066 uideantur.

138 1090 270 1155 Plenam
286 1111 415 1173 quoque
429 1093 493 1156 vim
509 1102 610 1158 serrat
624 1111 715 1158 snam
730 1091 967 1174 extrajudieiale
981 1109 1077 1155 reme·

95 1179 189 1242 dium
207 1199 245 1245 ec
258 1181 427 1263 informato
440 1183 622 1246 conscientia
644 1203 703 1264 pro
728 1181 915 1246 criminibus
932 1181 1076 1253 occultis,

95 1269 366 1350 quoddecrevitS.
379 1273 714 1354 TridentinaSynolos
726 1271 949 1354 (insessum,
962 1288 1032 1352 esp.
1048 1273 1077 1350 l,

95 1359 134 1420 de
158 1361 308 1443 Reform.)
331 1361 561 1438 adhibendum,
585 1381 658 1425 com
683 1362 746 1425 illis
761 1361 878 1442 regulis
892 1373 922 1423 et
937 1379 1078 1423 reserva·

97 1447 252 1526 tionibus,
268 1467 347 1530 quas
357 1461 539 1514 constanter
553 1453 690 1514 seruerit
702 1451 843 1533 predicti
859 1450 971 1530 capitis
983 1451 1079 1514 inter-

98 1539 277 1617 pretatione
295 1537 328 1599 S.
342 1537 549 1620 Congregatio
566 1543 596 1604 iu
611 1541 759 1622 pluribus
775 1539 1032 1613 resolutionibus,
1047 1547 1079 1602 et

99 1626 262 1708 praeeipuc
276 1625 309 1687 in
327 1623 468 1689 Bosnien.
484 1635 515 1689 et
532 1627 694 1703 Sirmium,
705 1633 744 1692 20
758 1628 935 1692 decembris
947 1629 1036 1692 1873.

140 1713 179 1778 X.
195 1711 349 1788 -Quum
366 1714 491 1792 procedi
504 1726 649 1797 oporteat
658 1716 874 1792 criminaliter,
884 1717 948 1781 sire
962 1717 1078 1782 inirac-

97 1804 193 1868 tionis
207 1805 368 1884 praecepti,
382 1810 438 1866 eut
455 1803 627 1866 criminum
648 1805 878 1876 communium,
903 1805 951 1866 vel
972 1805 1077 1886 legum

98 1893 244 1956 Ecclesiae
281 1892 461 1956 violationis
495 1893 603 1968 causa,
633 1909 801 1975 processus
831 1891 945 1954 confici
975 1905 1078 1974 potest

99 1984 209 2047 formis
232 1983 413 2045 summersis
433 1991 465 2044 et
489 1983 609 2063 absque
634 1981 748 2062 judicii
774 1981 919 2062 strepitu,
947 1984 1079 2046 serratis

99 2089 223 2151 semper
238 2073 356 2153 regulis
366 2071 498 2151 justitiee
513 2070 787 2134 substantialibus.

138 2161 190 2224 Xl.
205 2193 241 2210 ·-
257 2160 426 2224 Processus
451 2161 620 2224 instruitur
633 2178 672 2222 ex
687 2158 782 2243 officio
794 2165 851 2222 aut
868 2157 901 2222 in
913 2159 1076 2241 sequelam

99 2249 250 2333 supplicis
279 2250 376 2314 libelli
391 2257 423 2314 et
447 2251 595 2332 querelas,
613 2257 668 2312 eut
695 2247 831 2323 notitiae,
857 2247 921 2312 elio
937 2248 1077 2326 murima

99 2341 190 2406 Curia
220 2339 348 2417 babitee,
364 2347 396 2402 ct
420 2341 460 2403 od
486 2339 581 2403 linem
607 2337 793 2421 perducitur
813 2353 852 2401 eo
876 2339 1018 2416 oonsilio,
1043 2349 1099 2419 ul

99 2431 186 2495 omni
201 2429 306 2493 studio
320 2438 417 2510 atque
429 2427 600 2512 prudentia
614 2429 729 2492 veritas
741 2428 957 2508 detegamus
967 2431 1077 2510 cogni-

100 2523 143 2582 tio
161 2529 227 2581 tum
248 2517 401 2594 criminis,
424 2535 499 2582 cum
514 2519 634 2582 reitatis
647 2527 704 2582 aut
716 2517 911 2584 innocentie
925 2521 1075 2600 accusati,

101 2619 240 2688 exurgat.

140 2697 204 2760 llll.
234 2727 272 2746 -
297 2697 465 2762 Processus
487 2695 643 2762 conlectio
666 2696 822 2764 committi
852 2708 954 2780 potest
981 2699 1076 2764 elicui

101 2788 197 2872 probo
212 2795 308 2868 atque
322 2787 437 2851 idoneo
450 2787 674 2865 ecclesiastico,
690 2789 835 2852 adstante
849 2788 1009 2854 Actuaric.

137 2877 216 2941 Xlil.
240 2876 416 2958 tirricoique
442 2874 544 2939 Curiae
571 2893 653 2957 opus
678 2881 726 2940 est
748 2877 957 2942 Procuratore
975 2877 1075 2942 fiscali

100 2987 154 3052 pro
166 2967 255 3048 justit
268 2985 295 3030 ae
309 2976 339 3027 ot
356 2967 432 3046 legis
446 2965 556 3029 tutela.

137 3057 213 3121 xlv.
232 3091 264 3104 -
288 3060 449 3133 Quatenus
477 3073 535 3138 pro
554 3055 823 3134 intimationibus,
850 3065 906 3122 aut
929 3056 1074 3122 notitica-

101 3145 248 3224 tionibus,
261 3147 345 3209 baud
356 3155 472 3228 praesto
486 3145 526 3209 sit
539 3163 636 3228 opera
649 3146 874 3230 Apperitorum
884 3144 1076 3226 Curiaesup·

102 3235 200 3316 pietur
212 3235 410 3298 exhibitione
421 3236 606 3300 earumdem
622 3236 778 3318 explenda
791 3253 847 3317 per
861 3233 1074 3316 qualitieatam

102 3341 276 3406 personam,
293 3343 364 3405 quae
386 3325 425 3387 de
452 3323 534 3388 lacto
550 3328 714 3402 certioret3
743 3325 809 3388 sire
837 3341 890 3386 ces
915 3323 1075 3384 transmit-

101 3413 210 3492 tendo,
249 3431 309 3493 ope
351 3414 638 3478 commendationis
684 3431 780 3496 penes
835 3409 1075 3474 tabellariorum

103 3503 247 3580 officium,
259 3503 334 3566 'illis
349 3501 382 3564 iu
397 3501 476 3566 loeis
490 3503 524 3565 in
546 3504 665 3586 quibus
692 3503 753 3566 boc
777 3500 910 3566 invaluit
927 3511 1072 3582 systema,
