2504 3990
418 287 419 294 '
479 317 562 363 arnna
584 317 714 362 rennos.
1024 299 1077 361 381

110 431 179 493 quen
193 413 211 475 6
225 411 296 476 solis
314 411 430 474 clericis
444 411 508 473 freri
524 412 637 486 solent,
660 411 901 484 benedictiones,
921 427 1080 474 consecra-

110 502 224 577 tiones,
237 505 308 578 etc.;
324 519 385 562 non
399 505 500 564 autem
515 499 647 562 recitatio
661 499 797 562 breviarii
811 549 818 576 ,
830 499 917 562 ollroii
934 501 968 561 B.
982 502 1023 564 M.
1036 502 1082 564 rel

108 589 340 665 detunctorum,
356 589 381 650 si
404 588 699 669 dicantur'priratim
723 594 753 650 et
773 589 803 650 in
825 589 891 651 loeo
908 607 969 652 non
984 589 1080 670 depu-

108 683 169 742 tato
183 677 221 740 ad
233 677 283 752 illa
295 677 448 742 recitanda
465 695 472 737 :
488 695 576 740 secus
587 676 612 740 si
626 677 788 740 recitentur
798 677 829 740 in
844 677 937 740 choro
950 685 1037 760 prout
1050 679 1095 741 trt-

107 765 322 830 tamonialibus
339 766 518 845 (Stremler.,
534 766 590 844 it,
605 785 636 850 p.
652 769 733 845 351).
750 767 917 830 conciones
931 785 993 828 non
1014 786 1081 848 pro-

107 854 250 918 hibentur
266 862 402 937 tempore
422 854 593 932 interdicti,
608 856 670 918 sive
692 855 795 918 localis
817 857 878 919 sive
902 857 1078 936 personalis.

146 947 238 1008 6615.
253 945 351 1008 Etiam
368 941 519 1007 interdicti
536 944 576 1006 ob
595 945 725 1006 alienam
748 945 870 1027 culpam
883 944 1081 1027 prohibentur

106 1033 252 1099 interesse
265 1051 361 1097 sacro.
377 1033 484 1097 Clerici
504 1039 606 1096 tamm
621 1039 651 1096 et
670 1033 800 1115 religiosi
821 1033 846 1096 si
861 1051 923 1096 non
942 1033 1001 1095 sint
1015 1052 1081 1116 per-

107 1123 250 1187 sonaliter
261 1121 428 1200 interdicti,
444 1127 571 1204 possunt
584 1141 619 1185 ac
639 1121 752 1186 debent
763 1123 856 1187 etiam
870 1123 902 1185 in
921 1121 1079 1186 interdicto

107 1211 195 1275 locali
208 1211 352 1296 generali,
369 1229 431 1276 non
446 1212 516 1274 vero
528 1211 559 1274 in
573 1213 756 1294 particulari,
771 1211 934 1287 celebrare,
950 1211 1077 1289 utelitas,

107 1302 214 1366 missas
231 1301 393 1384 divinaque
406 1299 522 1376 officia,
537 1301 591 1364 sed
608 1301 711 1381 januis
723 1301 852 1377 clausis,
871 1319 934 1363 non
955 1301 1079 1382 pulsatis

106 1391 262 1473 campanis
280 1390 349 1470 (nisi
368 1389 407 1452 ad
426 1391 626 1466 concionem,
643 1389 860 1454 Salutationem
881 1391 1076 1472 Angelicam,

106 1479 153 1543 vel
166 1481 283 1544 obitum
293 1479 442 1560 alicujus),
452 1480 601 1544 submissa
613 1498 686 1543 voce
701 1486 731 1542 et
741 1480 870 1542 exclusis
880 1481 1079 1562 personaliter

106 1567 290 1646 interdictio,
305 1575 358 1632 aut
370 1570 423 1651 qui
436 1587 559 1632 causam
576 1569 734 1632 interdicto
747 1569 912 1647 dederunt,
930 1569 954 1630 si
969 1569 1078 1632 luerint

106 1659 286 1721 nominatim
302 1657 451 1721 interdicti
465 1660 548 1739 (Cap.
563 1659 654 1721 Alma
663 1666 776 1734 mater,
792 1657 908 1720 desert.
924 1677 1076 1735 accomm,

106 1748 137 1810 in
156 1751 211 1828 6⁶).
234 1747 363 1812 Nomine
382 1753 484 1810 autem
502 1746 673 1809 clerr'noram
693 1756 723 1810 et
735 1747 936 1810 monachorum
955 1749 1079 1810 ueniunt

105 1835 1076 1919 omnesutriusquesexdsquigaudentpririlegiosorieteononirr

106 1923 181 1988 nihil
191 1927 263 1990 vero
276 1927 359 1990 laicis
369 1925 556 1989 conceditur.

148 2015 237 2078 6616.
253 2015 383 2078 Nomine
403 2015 590 2091 ecclesiarum
607 2011 732 2078 veniunt
749 2012 839 2079 etiam
858 2015 1027 2079 eremitorio
1048 2025 1077 2079 et

105 2099 263 2185 hospitalia
285 2105 460 2168 auctoritate
480 2103 620 2186 Episcopi
637 2109 754 2183 erecta,
777 2122 840 2168 non
856 2105 928 2168 verd
949 2107 1076 2169 oratoria

101 2191 218 2276 privata
231 2193 395 2258 saecularia.

144 2283 234 2346 6611.
259 2283 291 2348 Si
314 2283 463 2348 interdicti
491 2291 558 2368 post
579 2286 780 2351 monitionem
799 2287 897 2352 nolint
918 2290 1022 2370 exire,
1046 2299 1076 2357 et

6 2399 7 2402 ¹
102 2369 209 2432 Canon
222 2371 321 2434 missa
342 2383 403 2434 non
419 2373 456 2435 sit
470 2375 625 2457 inceptus,
644 2377 823 2440 cessandum
841 2385 885 2441 est
906 2379 1074 2445 tcelebra·

100 2457 184 2522 tione
196 2507 204 2536 ,
220 2459 306 2524 aliter
318 2460 473 2525 celebrans
486 2464 613 2526 incurrit
622 2466 890 2546 irregularitatem:
907 2468 1073 2534 hoctamen

100 2548 257 2629 procedit,
273 2549 298 2612 si
321 2551 487 2615 celebretur
510 2553 542 2615 in
565 2554 631 2616 loco
650 2554 830 2634 interdicto,
852 2555 924 2637 quia
946 2558 986 2620 ibi
1011 2579 1072 2622 non

99 2643 242 2702 censetur
267 2637 337 2702 data
364 2639 487 2703 incultas
513 2642 705 2720 celebrandi,
731 2645 788 2706 nisi
816 2645 945 2709 exclusis
970 2645 1074 2729 hujus·

99 2725 184 2788 modi
203 2725 368 2790 interdictis
385 2749 392 2790 :
409 2729 433 2791 si
452 2729 621 2796 celebretur
642 2732 741 2794 solium
759 2751 861 2796 coram
878 2739 1075 2818 personaliter

98 2809 279 2895 interdicto,
303 2817 373 2880 licet
394 2817 589 2897 denuntiato,
613 2821 703 2885 debet
727 2822 850 2905 quidem
876 2826 984 2910 expelli
1006 2829 1072 2892 talis

98 2903 309 2992 interdictus:
334 2907 359 2968 si
381 2913 483 2970 tamen
507 2917 658 2992 nequeat,
682 2929 746 2975 non
772 2921 891 2980 tenetur
915 2917 1071 2982 celebrans

98 3009 218 3090 cessare
231 2996 303 3074 quia
320 2994 351 3059 id
369 2995 475 3059 nullibi
496 2999 679 3078 praecipitur.
694 3003 880 3068 Nominatim
896 3009 967 3071 vero
982 3009 1072 3070 inter-

95 3075 185 3154 dicti,
201 3081 254 3160 qui
270 3088 342 3162 post
355 3081 565 3146 monitionem
580 3087 666 3149 exire
680 3087 808 3164 nolunt,
822 3095 1080 3156 excommunes·

96 3163 216 3226 tionem
233 3167 300 3247 ipso
313 3167 395 3234 lacto
410 3171 589 3248 incurrunt,
607 3183 699 3248 prout
714 3175 734 3236 ii
752 3181 868 3258 pariter
881 3181 937 3260 qui
952 3179 1080 3242 clericos

94 3255 990 3344 coguntcelebrareinloconominatiminterdictolclem.
1002 3269 1078 3346 2,de

90 3347 1078 3437 sent.e:reomm.).llonservantureaepoenaenisijmtaC.Ap.Sed.

134 3429 224 3494 6618.
244 3431 432 3499 Permittitur
457 3439 552 3502 etiam
575 3441 607 3503 in
633 3443 802 3508 interdicto
818 3443 911 3507 locali
925 3447 1080 3528 generali,

91 3537 160 3583 non
172 3520 246 3584 vero
260 3521 292 3584 in
308 3525 501 3605 particulari,
517 3534 561 3608 nt,
578 3531 610 3592 in
628 3527 714 3594 lestis
728 3531 845 3596 Natalis
859 3534 1000 3614 Domini,
1011 3537 1083 3600 Pas-

91 3609 395 3686 clarentecosres,
410 3619 643 3696 assumptionis
656 3619 689 3682 B.
703 3620 757 3695 lt,
773 3621 989 3688 lmrnacnlatae
1002 3625 1056 3689 Cor

91 3699 254 3781 captionis
273 3709 304 3764 et
318 3701 370 3764 die
392 3701 491 3783 ipsius
503 3701 629 3782 onaan,
646 3716 676 3770 et
698 3725 753 3791 per
768 3709 916 3778 Octavam
931 3711 1044 3798 Corpor

1225 3321 1237 3573 l
