2548 3988
204 144 262 207 ata
422 165 559 210 uacuam
579 163 681 210 nortus
701 161 781 210 rums
802 159 949 208 canonici.

204 286 217 324 a
243 267 273 327 in
289 269 332 341 6⁰,
354 264 436 347 quod
452 265 481 326 in
501 263 594 327 dubio
612 263 691 326 circa
713 280 835 344 prunas,
851 260 1013 342 benignior
1027 260 1179 343 interpro-

203 377 218 414 n
242 355 313 417 tatio
329 355 366 416 sit
379 353 526 416 facienda.
542 377 557 414 a
577 353 724 416 Caterirm
739 352 804 414 tute
816 350 910 414 teneri
926 355 1025 432 potest
1039 367 1181 414 commu·

204 444 251 505 nis
270 443 470 526 interpretatio
491 443 562 526 quia
581 447 628 506 ast
649 441 762 523 optima
783 439 885 522 legum
907 439 1067 522 interpres.
1088 439 1178 504 Unde

204 533 357 596 resolvas:

247 644 262 682 u
290 624 423 686 Censura
439 627 485 687 est
502 621 573 684 lota
593 620 766 684 sententia:
785 623 816 683 1⁰
829 621 860 683 Si
878 619 969 683 verba
994 618 1054 682 sint
1074 623 1181 702 praete·

205 732 220 771 a
244 712 293 774 riti
316 719 369 775 aut
388 711 545 795 praesentis
560 709 706 791 temporis
721 728 728 770 :
744 729 772 772 v.
792 729 822 791 g.
844 707 1175 778 excommunicavimus,

205 802 508 865 »excommunicatus
534 807 600 876 est,
628 797 706 881 fuit,
736 799 965 878 excommunico,
1001 798 1179 880 suspendun-

206 912 221 951 ι
247 899 316 970 tur,
342 891 580 966 interdicuntur,
603 886 732 950 uolumus
749 895 802 949 aut
816 887 954 968 jubemus
977 906 1035 950 csse
1060 905 1180 971 cncom-

206 1002 222 1041 υ
246 981 446 1052 manicatum,
469 997 654 1060 stuprosum,
680 983 751 1054 etc.;
781 983 815 1040 2⁰
838 977 863 1039 si
886 977 1012 1039 addatur
1033 977 1180 1058 particula

209 1093 234 1154 u¹
246 1071 308 1152 ipso
321 1070 406 1148 jure,
421 1069 484 1150 ipso
497 1067 597 1150 facto,
612 1066 659 1130 vel
672 1064 735 1128 sine
747 1065 808 1127 atta
821 1065 988 1142 animatu,-
1001 1068 1035 1128 30
1049 1067 1074 1127 si
1089 1067 1183 1129 verba

208 1183 223 1218 u
245 1159 306 1220 sint
324 1157 491 1241 imperativi
510 1155 612 1231 modi,
628 1175 656 1218 v.
672 1175 703 1238 g.
720 1155 832 1218 incidat
850 1156 882 1216 in
899 1155 1172 1218 excommunicatio

207 1269 223 1306 a
246 1266 324 1325 nem,
339 1253 457 1309 moneat
470 1241 656 1324 interdictus,
669 1250 740 1307 eta:
755 1245 831 1307 ratio
840 1247 912 1327 quia
921 1245 985 1308 haeo
997 1247 1101 1308 omnia
1115 1247 1173 1309 nui

207 1358 223 1397 a
247 1335 307 1398 liua
322 1336 473 1399 actionem
486 1335 692 1416 interponunt.
711 1357 727 1394 n
746 1334 983 1412 (Buaembaum,
997 1336 1077 1417 apud
1090 1339 1122 1399 S.
1134 1338 1174 1399 Li

208 1445 308 1508 gnon,
320 1423 372 1488 lib.
386 1430 416 1504 7,
425 1423 494 1488 n¹¹6
507 1427 538 1485 et
549 1423 664 1502 r.)-si
674 1429 776 1487 tamen
789 1423 905 1486 dicatur
914 1426 1180 1489 excommunicatus

207 1515 267 1590 sit,
282 1514 513 1578 controvertitur
532 1513 630 1594 quatis
644 1519 718 1576 tuno
731 1514 768 1575 sit
781 1531 910 1576 censura
927 1533 935 1576 ε
955 1515 1057 1598 plures
1074 1514 1182 1578 dicunt

208 1621 276 1666 eam
289 1621 355 1666 asse
366 1603 432 1666 latae
444 1601 615 1677 sententiaa,
627 1601 679 1664 sed
692 1602 793 1684 plures
804 1603 853 1665 alii
866 1604 988 1666 econtra
998 1605 1102 1668 volunt
1114 1623 1181 1668 essa

208 1695 325 1755 tantum
338 1691 471 1756 ferendae
487 1711 494 1752 :
513 1697 640 1773 utraque
660 1695 806 1756 sententia
823 1701 868 1756 est
885 1695 1062 1775 probabitis,
1082 1695 1181 1778 inquit

208 1784 239 1846 S.
254 1783 376 1864 Liguor.
390 1781 454 1862 (tin.
474 1789 504 1859 7,
519 1783 553 1842 n⁰
572 1784 615 1863 8);
631 1781 684 1845 sed
696 1781 755 1846 hoc
768 1783 900 1866 pandera
915 1784 1032 1846 videtur
1048 1803 1065 1847 a
1084 1804 1181 1866 quaes-

209 1872 290 1935 tione
302 1889 341 1934 an
353 1872 528 1936 mandatum
544 1874 827 1936 excommunicandi
840 1873 923 1935 alteri
935 1873 1122 1954 imponatur,
1133 1875 1180 1938 vel

210 1981 287 2039 non,
303 1969 336 2027 ut
358 1980 429 2025 mox
442 1962 549 2027 dicturi
567 1981 683 2026 sumus.
697 1965 728 2026 Si
742 1963 812 2024 verti
827 1962 943 2024 dicutur
960 1963 1179 2046 auctionarii,

209 2059 317 2120 tterum
329 2053 498 2134 disputatur
513 2073 552 2116 an
567 2051 838 2115 excommunicatio
854 2051 891 2112 sit
902 2052 973 2128 ,latua
986 2053 1031 2114 vel
1048 2051 1180 2118 serendae

209 2142 385 2216 sententiae,
400 2141 453 2203 sed
471 2160 579 2206 omncs
597 2159 666 2204 eam
686 2140 792 2205 dicunt
809 2158 875 2202 esse
898 2141 964 2203 latae
980 2143 1134 2206 sententiaa
1154 2145 1180 2206 si

209 2231 261 2294 fiat
272 2237 375 2294 contra
389 2230 538 2294 haeresim.

248 2323 337 2383 aaut.
366 2318 498 2384 Censura
522 2325 568 2383 est
591 2319 723 2386 terendae
749 2321 918 2398 sententia,
941 2320 1047 2386 saltem
1068 2329 1102 2388 ut
1116 2325 1181 2407 ptu-

208 2408 342 2472 rimirm:
358 2409 562 2474 «raineria
578 2411 638 2475 sint
648 2410 741 2475 futuri
753 2413 910 2493 temporis,
926 2433 953 2476 v.
968 2431 998 2493 g.
1014 2432 1179 2478 excommu-

208 2519 224 2558 u
247 2498 415 2578 nicnbituc,
432 2501 678 2584 suspendetur...;
696 2505 729 2565 2·
745 2501 770 2564 si
785 2501 902 2564 dicatur
918 2502 1182 2567 excommunicetur

208 2587 457 2671 asmpendutuc,
491 2592 624 2654 uolumus
650 2591 930 2654 eacummunt'curi»
961 2590 1033 2672 (sed
1061 2591 1101 2654 ad
1121 2592 1180 2658 hoc

208 2677 370 2758 requiritur
379 2685 415 2742 ut
430 2687 616 2763 praeoaptum
633 2679 931 2759 excommunicandi,
953 2681 1177 2766 suspendendi,

208 2764 292 2829 alteri
307 2767 494 2849 imponatur:
511 2770 621 2832 namsi
638 2769 775 2834 absoluta
790 2769 881 2834 modo
893 2771 1068 2856 imperativo
1082 2775 1184 2856 proie-

209 2860 291 2917 ratur
305 2873 449 2937 censura,
463 2859 666 2922 communiter
683 2859 810 2923 habetur
821 2867 964 2943 tanquam
977 2861 1043 2924 tatae
1060 2871 1180 2926 senten-

209 2943 257 3005 tiaa
267 2945 309 3022 (S.
318 2943 454 3026 Liguor„
465 2945 520 3023 in,
534 2957 568 3010 n·
581 2951 622 3028 8);
636 2971 651 3009 u
665 2951 698 3012 3ιι
705 2949 730 3013 si
744 2949 834 3014 verita
849 2950 909 3013 sint
920 2951 1091 3028 minatoria,
1101 2971 1129 3015 v.
1145 2973 1176 3036 g.

207 3055 224 3094 u
247 3032 301 3094 sub
316 3030 402 3115 punt
423 3038 750 3114 excommunicationis,
772 3037 825 3102 sub
846 3039 1084 3104 interminatione
1103 3063 1177 3106 unu·

208 3143 225 3184 a
250 3123 399 3200 connatis,
414 3129 486 3205 ata,
501 3127 557 3189 nisi
568 3133 670 3190 tamen
682 3149 720 3193 ex
730 3129 880 3209 adjunctis
893 3128 974 3192 atiud
983 3129 1172 3213 colligatur.»

249 3215 414 3275 usta-4⁰
428 3215 568 3278 Censurae
577 3215 750 3281 dividuntur
759 3218 858 3280 adhuc
869 3219 899 3280 in
903 3217 1004 3301 justus
1013 3227 1043 3283 et
1053 3221 1176 3304 injustos

209 3321 263 3365 seu
277 3301 416 3380 illicitus,=
431 3307 464 3368 in
479 3301 592 3367 ualidus
605 3313 635 3369 at
649 3306 811 3381 inualidos,
832 3325 902 3390 quae
917 3308 1176 3375 denominationes

208 3391 279 3454 satis
300 3391 525 3476 intelliguntur;
550 3395 582 3457 in
608 3404 771 3459 reservatos
791 3404 821 3457 et
842 3415 900 3458 non
923 3407 1101 3474 resocatus,
1123 3419 1175 3465 seu

208 3497 338 3628 qugrum
350 3481 497 3548 alisotutio
510 3491 659 3552 reseruata
670 3493 715 3550 est
726 3485 882 3567 Superiori
896 3487 941 3551 vat
952 3507 1014 3554 non
1025 3495 1071 3553 est
1084 3508 1177 3555 roser

208 3585 244 3629 va
275 3611 284 3632 .
