2526 3988
447 282 532 330 erran
553 285 681 336 rennos.
1016 283 1057 344 m

115 372 207 434 5576.
221 405 263 420 -
277 379 313 438 2·
334 377 369 438 Si
389 377 421 440 in
439 377 786 466 formula-delegationis
812 389 949 472 dicatur,
971 402 1006 455 ut
1028 395 1057 458 si

76 476 171 522 mucce
185 460 326 528 interesse
338 466 526 550 nequiuerint
538 470 649 554 reliqui
668 475 835 540 mundatum
851 492 1051 564 exequuntur,

76 553 793 648 tuncquomodositprocedendumexplicateap.
803 567 1051 652 Prudentiomit‚

75 637 121 699 tit.
137 642 194 719 29,
210 641 263 706 lib.
287 648 303 707 1
323 647 457 726 liceret,
472 645 524 712 ubi
537 647 671 716 dicitur:
693 655 880 740 «Supplices
898 659 1053 725 informari

73 746 90 788 r
114 731 236 810 utrum,
247 735 320 796 ciam
329 734 426 798 tribus
438 753 529 799 eausa
536 740 743 821 committitur,
759 745 800 807 ita
813 746 896 829 qudd
906 749 930 811 si
945 769 1052 814 omnes

72 837 89 874 a
113 815 260 885 interesse
275 823 633 905 nequiverint,du0eam
645 831 1050 921 nihilominusexequantur,

70 927 87 964 o
113 907 256 974 sireust
276 911 396 976 duobus
413 916 532 978 unium
546 917 636 982 luerit
657 932 857 998 convocatus,
880 929 983 990 venire
998 948 1051 992 ne-

70 1016 86 1052 r
112 1001 246 1063 cessarid
260 1007 413 1081 tenentum
429 1005 496 1068 etsi
511 1007 618 1072 citatus
631 1011 649 1072 d
663 1009 801 1093 pluribus
813 1031 918 1077 eoram
932 1015 1052 1082 duobus

70 1106 86 1142 r
111 1091 334 1171 comparuerit,
353 1093 441 1156 tertio
452 1113 509 1160 nec
526 1099 665 1163 veniente
677 1119 731 1182 per
744 1119 792 1173 se,
806 1103 853 1165 vel
868 1123 921 1186 per
941 1104 1051 1170 litteras

70 1195 85 1231 n
111 1177 158 1252 (ut
172 1179 249 1242 solet
259 1179 336 1260 lieri)
351 1191 576 1266 excusante,en
588 1187 649 1252 duo
663 1197 825 1272 praesentes
840 1191 870 1255 in
884 1198 974 1258 causi
984 1216 1050 1276 pos-

70 1286 85 1319 »
110 1264 174 1328 sint
188 1270 369 1351 procedere,
386 1279 415 1334 et
429 1291 496 1336 eam
515 1280 671 1342 sententiae
685 1279 801 1342 calculo
815 1283 1000 1346 terminare?
1013 1288 1048 1348 In

69 1375 84 1410 n
108 1353 170 1419 hoe
183 1377 257 1422 cusu
270 1361 367 1423 taliter
380 1363 599 1444 respondemus
613 1367 795 1448 qudd,ci1m
809 1371 919 1452 aliquis
931 1371 1049 1456 delega-

68 1469 83 1505 u
108 1448 213 1510 torum
224 1449 383 1528 J‘udieum,
404 1471 459 1534 per
472 1460 587 1516 eertum
610 1457 751 1520 nuntium
770 1459 816 1521 vel
838 1468 1046 1526 excusatorem

70 1561 84 1596 o
109 1537 284 1602 litteratorie
296 1540 497 1622 destinatum,
517 1562 579 1606 non
597 1547 760 1610 ostenderit
774 1566 807 1611 se
824 1549 969 1613 interesse
984 1571 1046 1615 non

68 1649 83 1686 o
107 1645 217 1710 posse,
233 1628 280 1692 vel
295 1629 368 1692 alies
379 1631 417 1695 dc
431 1632 538 1694 eodem
550 1635 696 1699 canonice
705 1643 843 1700 constare
854 1658 916 1701 non
926 1642 1044 1722 poterit,

68 1739 84 1774 a
107 1717 223 1780 residui
239 1719 402 1799 procedere
420 1721 459 1784 ad
477 1741 575 1785 eausae
595 1726 801 1807 cognitionem
823 1746 885 1790 non
908 1729 1043 1793 debent:

68 1828 83 1864 n
107 1806 240 1890 quodsi
265 1809 483 1890 processerint,
509 1811 583 1874 nihil
608 1816 829 1897 reputabuntur
851 1817 958 1899 egisse.
993 1820 1045 1883 llla

68 1917 83 1952 n
107 1897 222 1980 quippe
236 1895 292 1959 tuit
305 1898 429 1982 antiqua
443 1900 528 1963 Sedis
543 1903 720 1984 Apostolicae
734 1906 881 1987 provisio,
898 1914 931 1969 ut
945 1907 995 1988 huj
1001 1929 1044 1972 us-

70 2006 85 2042 »
107 1985 189 2048 modi
210 2005 373 2051 causarum
396 1991 584 2071 cognitiones
604 1991 722 2054 duobus
741 1997 834 2073 quem
855 1995 925 2073 uni,
949 1997 1043 2060 tritius

71 2095 85 2130 n
109 2077 198 2156 quim
219 2075 339 2140 duobus
363 2077 505 2142 libentius
526 2078 716 2161 delegaret...
740 2080 873 2144 Mandati
892 2085 1043 2164 siquidem

67 2185 82 2221 n
105 2165 251 2229 excedere
266 2166 343 2229 fines
356 2169 580 2250 probaretur,si
593 2169 661 2252 quis
674 2170 748 2233 citra
762 2170 892 2232 lormam
907 2175 1042 2256 rescripti

65 2273 79 2310 e
103 2258 218 2338 accepti
232 2263 427 2338 presumeret
437 2257 583 2338 judicare.
604 2259 769 2342 ddjioimus
788 2259 877 2322 etiam
893 2262 973 2342 qudd
989 2264 1041 2326 ubi

64 2365 78 2400 e
101 2345 238 2410 lireritin
251 2346 464 2410 commissione
482 2349 667 2430 appositum,
686 2356 718 2413 ut
729 2351 754 2412 si
774 2367 881 2413 omnes
895 2351 1040 2417 interesse

64 2455 77 2490 n
102 2435 310 2516 nequiverint,
325 2435 387 2498 duo
407 2455 474 2499 eam
495 2439 691 2502 nihilominus
711 2444 915 2520 exequantur,
932 2441 1040 2523 siquis

63 2544 77 2580 r
97 2541 134 2587 ex
150 2525 240 2607 ipsis,
257 2526 328 2588 ciun
343 2526 452 2608 possit,
464 2526 592 2590 noluerit
603 2529 759 2605 interesse,
770 2528 831 2590 duo
842 2529 1038 2593 nihilominus

63 2634 76 2670 a
100 2613 132 2675 in
145 2617 241 2678 causa
261 2614 441 2698 procedant;
465 2615 535 2679 licet
554 2617 604 2678 ille
625 2617 730 2680 tertius
751 2616 923 2698 gravissime
937 2618 1037 2680 situr-

62 2724 75 2758 n
97 2703 240 2785 gerendus
260 2723 316 2787 pro
338 2721 375 2767 co
397 2705 479 2788 qudd
502 2705 681 2768 mandatum
704 2706 903 2788 apostolicum
927 2710 1034 2791 exequi

61 2813 75 2847 r
98 2792 299 2876 subterfugiat
311 2799 362 2861 aut
375 2801 559 2858 contemnat.
569 2794 655 2858 Idem
668 2813 790 2878 quoque
805 2799 971 2878 peremnia
986 2799 1034 2860 di-

60 2901 73 2937 r
96 2881 198 2944 cimus
212 2882 433 2946 observandum
448 2883 479 2947 in
493 2885 584 2952 causi
600 2903 669 2968 quae
686 2885 883 2948 committitur
897 2884 1028 2958 duobus,

59 2992 73 3028 r
96 2990 134 3034 eo
156 2971 319 3054 apposito,
343 2979 376 3036 ut
397 2971 422 3036 si
449 2973 539 3038 ambo
560 2975 704 3039 interesse
727 2974 936 3058 nequiverint,
960 2977 1033 3041 alter
1066 3013 1069 3018 -

58 3079 72 3118 r
95 3060 295 3124 nihilomiuus
308 3070 482 3145 exequatur.
496 3085 512 3124 u

95 3154 187 3213 5577.
212 3151 339 3223 Quando
360 3158 463 3216 cutem
482 3154 657 3238 perplures
679 3157 834 3240 negotium
855 3156 1028 3238 expeditur,

58 3239 213 3322 sequenda
233 3246 280 3302 est
301 3246 448 3305 sententia
469 3245 592 3326 majoris
615 3248 748 3324 numeri;
771 3253 801 3309 ct
820 3246 853 3308 io
874 3263 947 3307 casu
970 3265 1030 3326 quo

57 3329 212 3411 equaliter
225 3329 368 3412 suffragia
382 3332 578 3414 scinduntur,
602 3335 640 3399 ad
653 3335 844 3418 delegantem
862 3339 908 3395 est
928 3352 1028 3396 recur-

57 3419 203 3499 rendum,
218 3419 301 3501 quod
315 3420 441 3504 intelligi
454 3423 543 3486 debet
557 3425 647 3490 etiarn
660 3425 699 3488 de
712 3443 785 3488 casu
795 3423 932 3506 sequenti
944 3431 974 3486 et
990 3424 1027 3490 de

57 3507 199 3572 omnibus
209 3509 242 3572 in
256 3510 368 3592 quibus
381 3515 548 3595 perplures
561 3511 596 3576 fit
606 3514 764 3595 judicium.

94 3602 185 3661 5578.
197 3601 326 3662 -301n
339 3617 412 3664 casu
426 3621 487 3684 quc
499 3603 601 3685 plures
615 3604 789 3686 simpliciter
797 3602 863 3666 sine
874 3603 935 3665 ulla
948 3605 1028 3667 clau-

58 3687 120 3748 rult
133 3683 318 3766 deputantur
328 3687 367 3752 cd
377 3692 583 3772 cognitionem
594 3691 846 3770 allocuturum,
861 3696 934 3751 tuno
945 3692 1026 3752 nulla
