2548 3988
183 259 241 324 944
399 269 537 318 urrunsa
557 261 657 316 rorrut
677 266 757 316 sunu
778 261 925 314 44444444.

218 375 309 436 6496.
324 371 402 434 Casu
416 387 478 452 quo
491 371 510 434 b
521 367 588 449 jure
602 363 670 450 quis
681 365 963 429 excommunicatus
976 367 1073 440 esset,
1089 381 1153 427 non

180 465 257 526 esset
270 457 394 543 quidem
415 455 583 521 4444444444
600 453 747 520 sententia
765 451 803 516 ad
821 469 943 536 poenam
967 451 1155 517 condemna·

181 549 272 628 toria,
288 547 351 624 sed,
367 545 426 610 nist
439 543 558 610 crimen
571 549 650 608 esset
662 541 836 614 notorium,
851 559 922 606 reus
934 535 1058 604 deberet
1070 539 1158 623 pribs

181 641 200 703 b
212 655 269 702 suo
281 631 434 719 Superiori
445 631 530 698 citari
542 638 588 712 ,ut
600 637 746 714 possetse
759 625 942 706 defendere,
958 633 988 691 ot
1001 625 1068 710 ipso
1081 647 1157 692 con-

181 725 278 807 victo,
292 720 486 808 pronuntiati
495 721 533 784 de
546 719 626 784 iilius
639 717 850 782 criminalitate
859 715 1022 795 sententia,
1034 715 1159 780 deberet

183 817 250 879 loco
265 811 387 903 publico
400 809 572 876 denuntiari
586 825 640 872 seu
654 805 799 870 declarari
814 807 1113 883 excommunicatum
1129 809 1160 870 et

183 904 240 968 boc
259 901 369 967 sullicit
388 907 422 964 ut
441 899 508 962 talis
521 897 801 962 excommunicatus
821 893 859 957 sit
875 893 1033 971 vitandus3
1053 889 1106 958 sed
1121 893 1159 958 ad

183 991 243 1058 hoc
256 1008 318 1055 non
339 989 489 1054 sufficeret
506 989 540 1050 ut
559 985 742 1070 proferretur
758 983 876 1045 tantbm
897 982 1045 1045 sentent-ia
1057 981 1160 1047 decla·

184 1099 255 1143 rans
274 1077 570 1143 excommunicatum
584 1072 767 1138 commisisse
781 1069 898 1134 crimen
911 1069 959 1133 cui
977 1086 1095 1134 annexa
1116 1077 1162 1135 est

186 1166 470 1234 excommunicatio,
484 1167 517 1226 ut
526 1161 677 1243 colligitur
687 1177 725 1224 44
738 1157 918 1242 supradicio
931 1157 1160 1242 Extravagante,

187 1273 245 1318 nec
264 1255 354 1316 etiem
375 1253 540 1328 subiceret,
553 1253 638 1330 juxta
657 1244 816 1325 eamdem,
834 1247 860 1310 si
874 1261 944 1309 reus
959 1245 1162 1312 declararetur

188 1341 351 1405 incurrisse
365 1357 472 1403 omnes
484 1354 627 1402 censuras
645 1333 766 1400 44444444
779 1349 931 1414 annexas,
945 1333 1001 1398 nisi
1015 1335 1047 1398 in
1061 1339 1162 1420 specie

188 1430 382 1494 denuntietur
394 1425 684 1492 excommunicatus.

230 1520 319 1580 6494.
336 1515 416 1580 Noto
430 1519 532 1579 eutem
547 1519 578 1578 l·
590 1509 672 1596 qubd
687 1511 756 1576 iicet
767 1531 830 1578 non
844 1511 882 1577 sit
896 1513 1038 1597 obligatio
1050 1513 1161 1578 vitandi

190 1606 487 1670 excommunicatum
510 1619 573 1666 non
595 1601 826 1682 denuntiatum,
847 1603 964 1668 licitum
991 1609 1037 1666 est
1060 1609 1163 1668 tamen

191 1712 263 1758 eum
283 1693 376 1756 nitere
396 1693 486 1757 4444444
507 1689 649 1776 publica,
669 1688 793 1774 quando
816 1691 938 1774 publice
958 1697 1048 1756 notua
1067 1699 1112 1756 est
1130 1699 1165 1756 ut

191 1782 483 1848 excommunicatus:
758 1845 760 1850 .

232 1875 322 1935 6496.
347 1871 429 1936 Noto
450 1873 575 1954 insuper
596 1872 629 1935 4·
651 1867 734 1952 qudd
756 1863 823 1932 iicet
843 1866 908 1934 aliis
925 1869 963 1933 sii·
981 1869 1164 1954 permissum

192 1961 419 2025 communicare
440 1979 512 2024 cunr
530 1955 792 2024 excommunicato
811 1955 954 2040 tolerato,
977 1963 1110 2023 attamen
1128 1979 1166 2024 ex

193 2049 272 2113 diotb
285 2053 404 2113 Extrav.
416 2048 502 2129 (Vide
515 2048 622 2112 ultima
634 2045 725 2112 verba
734 2060 825 2128 supra
836 2045 939 2126 relata)
952 2045 1026 2110 nulli
1043 2065 1166 2112 excom-

194 2139 367 2214 municato,
383 2135 576 2218 quantumvis
589 2135 728 2210 occulto,
744 2133 813 2198 licet
826 2151 898 2198 oum
912 2131 976 2198 aliis
992 2139 1165 2201 communi-

194 2243 263 2288 care
277 2225 308 2286 in
322 2225 378 2300 lis,
393 2229 455 2285 tam
469 2221 578 2285 divinis
595 2225 687 2305 quani
701 2219 862 2300 humanis,
877 2239 946 2306 quar
960 2228 1168 2290 excommuni-

196 2313 268 2375 catis
282 2311 489 2394 probibentur.

235 2403 324 2466 6499.
340 2399 473 2463 Dubium
493 2403 538 2463 cst
551 2417 606 2478 44,
621 2397 687 2462 4444
710 2401 905 2478 necessitate,
920 2398 1008 2466 liceat
1027 2400 1169 2470 ildeiibus

196 2490 423 2554 communicare
440 2490 472 2552 in
490 2485 599 2552 divinis
617 2505 688 2552 cum
705 2487 968 2554 excommunicato
980 2489 1105 2558 tolerato
1119 2495 1170 2574 (da

196 2575 337 2641 humanis
357 2595 420 2640 non
440 2583 486 2641 eat
501 2575 690 2658 diillcultaa);
706 2579 797 2660 porrd
808 2577 921 2661 duplex
939 2585 984 2643 444
997 2582 1167 2648 sententiat

197 2666 298 2747 plures
321 2671 452 2746 negant,
474 2667 546 2749 quia
569 2663 628 2729 hoc
650 2674 729 2728 esset
752 2669 856 2729 contra
876 2665 1069 2747 charitatem,
1093 2673 1169 2738 dum

198 2755 478 2816 excommunicatus
489 2755 531 2816 sie
544 2751 736 2816 induceretur
745 2753 783 2817 ad
794 2761 894 2819 ectum
905 2755 1042 2820 illicitum
1052 2749 1171 2844 ipsique'

198 2841 413 2923 prohibitum:
437 2841 530 2903 etita
553 2842 641 2903 sentit
668 2841 811 2906 Strcmier
834 2841 908 2922 (Des
930 2845 1030 2926 per'aes
1056 2847 1166 2930 rorida,

199 2947 230 3013 p.
248 2931 329 3007 268).
346 2927 404 2990 Alii
417 2930 488 2992 verb
502 2925 686 3010 probabilius
700 2927 869 3008 affirmant,
885 2951 956 2997 caso
979 2935 1083 3000 saltem
1107 2957 1168 3020 quo

199 3017 479 3081 excommunicatus
497 3035 560 3081 non
581 3017 764 3083 ministraret
784 3017 885 3082 divina
902 3021 934 3084 in
956 3031 1033 3088 statu
1054 3029 1169 3108 peccati

200 3105 352 3184 mortalis,
368 3105 438 3190 quie
448 3123 538 3171 causa
550 3108 629 3187 iusta
644 3109 810 3171 4444444444
820 3115 865 3170 444
877 3109 914 3171 ad
928 3107 1028 3174 divina
1042 3115 1169 3195 pelenda

201 3195 289 3258 abeo
303 3195 355 3276 qul
369 3197 401 3257 in
414 3193 467 3257 tali
484 3203 562 3259 statu
577 3197 675 3258 existit
691 3215 699 3257 :
715 3214 786 3258 essu
799 3194 872 3260 verb
885 3217 946 3280 quo
960 3203 1168 3268 exeommuni-

202 3281 438 3347 catustoleratos
452 3301 514 3347 non
533 3281 730 3366 impediretur
748 3283 917 3349 ministrare
938 3285 1041 3362 (lirina¹
1056 3288 1096 3354 ob
1116 3311 1169 3358 sua

202 3377 334 3453 peecata,
349 3371 403 3434 scd
416 3371 514 3434 solum
528 3373 568 3434 ob
581 3373 943 3452 excommunicationem,
959 3377 1079 3442 nullum
1092 3387 1170 3446 esset

203 3459 655 3541 peccotumebillotallopetere‚
665 3461 1169 3542 quiaexcommunicatustoleratus

205 3543 330 3606 minimb
344 3555 448 3625 peccet
461 3545 583 3629 quando
601 3549 639 3610 ab
654 3549 720 3611 aliis
733 3557 873 3630 rogatur,
888 3559 922 3614 ut
940 3555 1002 3615 tbrn
1017 3555 1048 3616 in
1062 3557 1170 3621 divinis

207 3631 298 3699 nutm
312 3631 344 3692 in
360 3633 501 3696 humanis
512 3635 738 3699 eommunicet:
755 3639 875 3700 sienim
889 3647 1042 3720 peccaret,
1058 3643 1169 3708 inutilis
