2462 3984
461 249 546 297 uraca
567 252 688 298 rennos
1008 240 1063 297 135

79 346 117 407 ad
134 347 312 410 instantiam
323 347 553 428 denuntiatoris,
565 351 658 413 modo
671 351 725 413 iste
736 351 943 414 denuntiasset
954 349 991 412 ad
1002 351 1063 412 vin·

79 435 196 499 dictam
211 437 361 500 criminis.

120 527 277 590 Caeterirm
296 528 461 590 canonistae
477 529 530 612 qui
551 531 746 594 communitis
760 537 873 612 negant
891 531 1003 614 requiri
1019 530 1062 592 in·

80 613 208 677 iamiam
222 615 447 697 praecedentem
460 618 582 698 quando
593 619 685 697 judex
695 620 830 701 procedit
837 621 874 682 ad
889 619 1061 682 instantiam

80 704 199 786 publici
214 705 362 776 ministri,
381 705 480 768 nullos
493 706 624 787 allegant
636 713 735 772 textus
746 711 823 788 juris
836 708 990 786 canonici,
1009 708 1060 770 sed

80 792 184 856 solirm
196 795 276 873 juris
283 795 461 872 lastiniani,
477 794 560 877 quod
574 815 636 859 non
649 797 767 860 videtur
780 798 812 860 in
824 797 880 860 hic
899 803 982 878 parte
996 814 1061 858 esse

80 881 320 948 admittendum.
348 884 421 948 Vide
438 884 530 947 etiam
548 886 692 950 Stremler
707 887 776 965 (Des
797 885 899 948 Peiora
919 885 1061 947 ecelesiae

81 973 203 1054 tiques,
219 993 251 1054 p.
269 973 431 1054 tto-itta).

120 1065 218 1124 5858.
235 1064 298 1124 Nec
311 1061 468 1141 objiciatur
481 1063 553 1126 olim
567 1065 660 1146 recipi
680 1064 819 1128 debuisse
839 1063 1060 1128 accusationem

79 1157 192 1212 contra
204 1150 313 1216 delicta
325 1151 443 1215 occulta
457 1153 512 1216 soli
525 1153 711 1236 delinquenti
724 1155 845 1218 nociva:
858 1171 930 1218 nam
939 1171 1061 1234 respon·

80 1239 173 1304 detur
187 1241 272 1324 qudd
284 1241 359 1304 adeo
375 1259 464 1322 grave
477 1248 542 1306 erat
553 1261 632 1306 onus
654 1244 736 1326 quod
749 1243 806 1306 sibi
828 1251 984 1306 accusator
1003 1243 1059 1304 im,-

81 1349 202 1411 ponere
220 1329 393 1410 tenebatur,
417 1339 453 1395 ut
473 1333 640 1415 periculum
657 1351 719 1395 non
740 1340 817 1396 esset
835 1352 874 1396 ne
887 1331 1059 1413 frequenter

81 1427 256 1483 recurreret
276 1421 425 1484 accusatio
439 1421 470 1483 in
485 1441 557 1484 casu
576 1421 675 1484 delicti
698 1422 826 1500 occulti,
844 1429 874 1484 et
896 1421 950 1484 soli
965 1421 1059 1482 delin·

80 1511 192 1591 quenti
208 1509 322 1572 nocivi:
336 1509 417 1572 unde
432 1511 632 1573 necessarium
644 1530 705 1574 non
715 1517 779 1573 erat
789 1519 822 1574 ut
835 1512 889 1573 iste
904 1529 992 1572 cesus
1005 1529 1056 1572 ex·

78 1601 239 1680 ciperetur
252 1600 269 1660 a
283 1598 422 1663 facultate
436 1600 568 1682 generali
582 1601 753 1664 accusandi.
780 1600 854 1664 Vide
875 1601 970 1663 Bouix
992 1600 1056 1679 (ab,

81 1708 113 1770 p.
130 1691 254 1766 accip
271 1689 413 1752 Stremler
427 1689 496 1767 (Des
510 1689 733 1768 Pelneseccle'a.,
748 1711 779 1771 p.
797 1694 866 1767 tt8‚
882 1690 963 1767 etc).

122 1781 217 1842 5859.
232 1781 313 1840 -20
328 1779 484 1841 Praemissa
496 1779 599 1860 regula
612 1781 672 1861 qut
688 1797 797 1861 nempe
811 1779 920 1861 praevia
935 1778 1057 1841 infamia

83 1871 250 1951 requiritur
271 1867 310 1932 ad
333 1886 507 1950 processum
530 1868 772 1950 inquisitorum,
791 1869 907 1949 aliquas
930 1867 1058 1928 admittit

85 1959 280 2040 cnrueptiones
295 1977 303 2020 ε
319 1957 465 2039 excipitur
478 1957 560 2020 enim
576 1960 605 2019 t⁰
619 1975 706 2019 casus
719 1955 842 2018 haeresis
855 1963 886 2018 et
902 1957 1057 2035 apostasiae

87 2049 167 2129 (cap.
182 2047 490 2123 &communicatura
499 2045 533 2108 de
547 2045 704 2122 hereticis)
717 2065 725 2121 ;
741 2049 772 2106 2⁰
787 2043 964 2126 generaliter
977 2045 1057 2106 exci-

84 2137 210 2218 piuntur
230 2137 359 2199 crimina
376 2155 445 2218 quae
460 2141 590 2217 vergunt
614 2134 647 2196 in
667 2133 814 2196 damnum
834 2131 1055 2212 denuntiantis,

81 2225 129 2287 uel
143 2226 223 2288 tertii
238 2233 267 2288 et
281 2227 299 2287 b
312 2224 425 2288 fortiori
441 2225 472 2286 in
486 2223 634 2286 damnum
656 2223 848 2305 reipublice:
865 2221 905 2284 ita
917 2239 1056 2286 commu·

81 2315 163 2378 niter
178 2315 255 2390 DD.;
270 2321 458 2377 tunctameo
474 2313 634 2394 requiritur
656 2313 756 2394 aliqua
779 2311 909 2394 suspicio
932 2317 997 2374 orta
1019 2331 1056 2376 cx

80 2403 205 2465 indiciis
215 2421 277 2465 non
290 2402 423 2478 levibus3
440 2405 472 2464 3⁰
485 2401 631 2483 excipitur
640 2420 727 2464 casus
737 2419 798 2483 quo
810 2401 975 2483 Episcopus
985 2421 1055 2482 pro·

79 2491 163 2554 cedit
177 2489 438 2572 extrajudieialiter
450 2539 458 2567 ‚
468 2491 552 2570 juxta
566 2490 674 2552 limites
688 2489 835 2552 facultatis
843 2489 897 2570 ipsi
905 2507 1056 2554 concessas

79 2579 397 2644 aconciliotrident.
417 2598 490 2642 sess.
507 2583 565 2652 lt,
589 2597 656 2661 cap.
677 2581 691 2640 t
703 2598 712 2654 ;
734 2582 766 2640 l⁰
789 2595 877 2640 casus
899 2577 1055 2658 inquibus

80 2689 154 2732 reus
164 2669 323 2732 confessus
335 2675 381 2732 est
393 2669 509 2732 crimen
522 2669 554 2730 io
565 2665 750 2747 judicio,‚vel
765 2683 827 2748 quo
839 2665 958 2748 aliquis,
970 2667 1056 2745 juxta

79 2757 199 2820 dietum
213 2776 307 2840 supra
319 2759 418 2838 (5854)
432 2763 500 2838 post
512 2756 684 2838 generalem
706 2755 931 2838 inquisitionem
952 2757 1054 2820 occul-

81 2853 148 2909 tum
172 2845 399 2928 delinquentem
419 2845 577 2928 patefecit,
599 2845 666 2907 licet
685 2845 742 2907 hoc
765 2844 867 2908 illicite
882 2847 1052 2927 peregerit3

81 2936 136 2998 sed
151 2935 182 2998 in
197 2935 247 2999 his
260 2935 379 2999 casibus
392 2936 508 2997 crimen
519 2953 580 2996 non
595 2933 724 3015 ampliirs
733 2941 867 2998 remanet
880 2935 1051 2998 occultum:

81 3024 150 3088 aide
159 3025 258 3088 Bouix
267 3023 334 3103 (ila,
344 3043 376 3106 p.
392 3023 457 3103 70);
469 3023 622 3100 Stremler,
635 3023 691 3084 Des
701 3023 921 3103 palaestrales„
934 3043 965 3104 p.
984 3029 1052 3104 tur,

83 3117 159 3190 1483
175 3113 325 3195 excipitur
338 3114 369 3175 5ο
382 3112 408 3175 si
428 3111 596 3194 inquiratur
618 3129 680 3174 non
700 3119 734 3174 ut
756 3111 919 3195 puniatur,
943 3111 996 3174 sed
1015 3131 1054 3175 ne

82 3203 228 3284 indiguus
246 3201 285 3264 ud
306 3201 428 3265 ordines
446 3200 494 3262 vel
517 3200 682 3282 Dignitates
704 3207 935 3282 promoveatur,
954 3199 1054 3263 velue

83 3293 279 3355 contrahatur
290 3289 517 3354 matrimonium
530 3307 601 3352 cum
614 3288 829 3371 impedimento
840 3287 999 3350 canonico.

122 3385 213 3446 5860.
227 3415 268 3428 -
279 3383 311 3444 3·
324 3378 451 3442 Infamia
463 3377 501 3440 de
516 3381 575 3460 qut
593 3379 625 3439 in
643 3377 773 3458 praelatis
796 3374 990 3457 intelligenda
1009 3383 1054 3439 est

82 3471 121 3535 de
135 3471 260 3534 intumit
273 3467 355 3551 apud
368 3467 511 3530 honestos
524 3485 586 3528 non
609 3474 712 3528 autern
729 3463 809 3543 apud
823 3463 1004 3541 malevolos,
1024 3471 1054 3527 et

84 3547 1054 3721 tttttt.rddidittttittttotttltttttttt:
