2548 3988
436 285 521 332 unm
541 287 673 334 rannus.
988 270 1044 334 35}

104 388 195 450 6508.
218 385 342 458 Quaerit.
365 387 397 448 3⁰
419 385 550 458 Quinam
573 387 635 448 sint
653 384 778 450 effectus
798 383 1044 449 excommunica·

71 475 165 537 tionis
177 473 301 553 majoris
314 473 331 536 i

105 563 198 643 Resp.
226 560 362 644 Duplicis
383 561 503 644 generis
528 577 596 626 esse
621 559 717 645 ipsius
738 559 881 642 effeetus,
897 562 1045 626 mediatos

70 667 183 731 nempe
196 655 226 711 et
239 647 442 713 immediatos.

106 737 239 802 Effectus
251 737 373 800 mediati
388 739 709 804 excommunicationis
729 745 802 803 sunt
822 739 908 804 duo:
927 744 958 802 ι·
972 741 1042 803 irre-

65 826 219 910 gularitas,
235 825 358 908 quando
371 826 509 891 videlicet
522 829 801 892 excommunicatus
815 835 933 892 exercet
944 836 1044 891 actum

65 915 183 978 ordinis
192 915 287 992 sacri,
301 921 334 977 ut
348 933 438 1017 supra
448 917 581 980 diximus
591 919 696 997 (1789,
711 923 767 980 etc
771 919 796 995 );
813 917 877 980 2⁰si
888 923 951 980 toto
964 935 1046 980 anno

67 1005 100 1066 in
114 1003 427 1068 excommunicatione
442 1005 643 1084 insordescat,
653 1005 692 1068 de
706 1005 811 1068 haeresi
822 1005 855 1067 iit
868 1011 1043 1087 suspectus,

66 1099 174 1154 contra
197 1109 269 1154 eum
283 1097 319 1154 ιιι
340 1091 431 1155 telem
454 1093 576 1176 procedi
598 1099 694 1175 potest
717 1093 879 1172 (iridem,
895 1111 967 1156 sess.
994 1097 1046 1169 25,

67 1199 97 1243 c
92 1163 1048 1264 i)etpnxanpotestsuobeneiicro(SLig.,iib.'1,n0157.)

50 1271 56 1280 '
108 1247 199 1332 6599.
221 1267 432 1333 Effectusvero
445 1270 612 1336 immediati
626 1278 698 1334 sunt
711 1275 911 1352 sequentesr'

107 1359 132 1420 i
147 1357 247 1419 Prrvat
258 1358 448 1440 susceptione
458 1365 490 1423 et
500 1378 559 1424 usn
570 1377 687 1442 passivo
698 1364 972 1436 sacramentorum
983 1377 1046 1421 non

68 1446 170 1510 solum
193 1443 425 1526 denuntiatum,
452 1447 506 1512 sed
529 1449 620 1512 etiam
641 1447 821 1526 toleratum,
842 1447 923 1512 unde
946 1447 1050 1511 nulius

69 1534 349 1598 excommunicatus
375 1542 473 1618 potest
505 1537 588 1600 liciti
607 1543 793 1601 sacramenta
815 1537 965 1619 recipere,
988 1536 1046 1598 nisi

70 1629 194 1712 excuset
221 1623 390 1706 ignorantia
417 1624 612 1704 invincibilis,
637 1632 736 1689 metus
754 1625 880 1703 mortis,
905 1623 1047 1699 insamim,
1097 1619 1102 1630 ’

71 1703 194 1779 iacturae
207 1711 378 1790 honorum,
394 1719 467 1790 etc„
482 1721 511 1778 et
527 1733 590 1778 non
603 1716 641 1778 sit
655 1721 847 1816 contemptus
860 1733 1008 1778 censuum.

111 1805 203 1865 6510.
225 1801 341 1865 Dicitur
369 1801 469 1881 licite,
498 1805 569 1886 quia
592 1809 691 1886 potest
713 1821 750 1866 ea
773 1801 909 1884 recipere
934 1803 1048 1880 valide,

72 1897 197 1973 excepto
210 1891 398 1976 Poenitentiae
412 1897 625 1956 sacramento.
645 1891 707 1954 imd
725 1891 783 1954 hcc
801 1891 892 1953 etiam
909 1891 1006 1954 valide
1019 1896 1052 1952 et

73 1979 152 2044 iicite
166 1979 299 2062 recipere
315 1986 426 2062 potest,
438 1981 463 2049 si
474 1981 551 2044 adsit
569 1981 738 2063 ignorantia
751 1979 949 2056 invincibilis,
965 1979 1051 2042 dum·

72 2067 165 2132 modo
177 2073 286 2132 netem
302 2067 340 2132 ed
353 2071 514 2133 essentiam
532 2069 624 2151 hujus
637 2068 816 2132 sacramenti
831 2067 973 2148 requisita
988 2085 1050 2130 ιιοιι

73 2157 189 2246 desint.
202 2177 264 2261 quo
278 2159 311 2220 in
323 2175 396 2222 casu
410 2160 564 2231 tamensi
578 2157 853 2223 excommunicatio
864 2162 943 2219 esset
956 2173 1053 2218 reser-

71 2254 158 2324 unta,
172 2247 219 2310 vei
238 2267 261 2310 ιι
254 2246 496 2326 confessarius,
511 2247 611 2312 scians
630 2253 753 2330 peccata
766 2245 876 2309 habere
899 2263 1052 2308 annexam

73 2337 458 2414 excommunicationum,
478 2338 641 2416 malitiose,
664 2337 703 2400 ab
722 2338 758 2399 et
777 2353 840 2398 non
862 2333 1049 2408 absolveret,

72 2425 323 2507 tuncdisputatnr
342 2444 381 2488 an
395 2427 690 2500 excommunicatus,
703 2426 794 2488 etiarn
807 2424 889 2486 bona
903 2423 962 2484 fide
976 2423 1051 2485 exis·

73 2521 141 2576 tens
152 2514 244 2595 possit
257 2514 380 2577 valided
390 2515 452 2578 suis
466 2515 595 2597 peccatis
606 2513 739 2577 absolvi.
754 2511 807 2595 qui
822 2519 934 2593 negant
947 2511 1050 2573 nitun-

73 2610 124 2666 tur
149 2601 206 2667 bic
233 2605 349 2666 ratione
371 2603 454 2686 qudd
477 2601 752 2678 excommunicati,
782 2603 886 2681 utpote
914 2598 1052 2663 membra

74 2692 216 2755 Ecclesiae
226 2692 367 2764 abscissa,
381 2699 532 2775 nequeant
542 2692 636 2774 ipsius
648 2691 737 2754 bonis
750 2687 987 2764 communionum
999 2687 1052 2751 sed

76 2781 175 2844 verius
194 2786 241 2844 est
256 2779 485 2858 affirmandum,
502 2782 586 2860 juxta
601 2782 633 2845 S.
651 2780 773 2862 Lignor.
789 2778 853 2856 (lib.
868 2783 949 2857 ⁵1,n·
965 2777 1050 2858 159),

76 2871 147 2952 quia
162 2869 305 2946 Ecclesia,
321 2870 502 2932 reservando
515 2887 603 2932 casus
613 2875 666 2931 aut
677 2885 832 2944 censuras,
848 2885 911 2930 non
924 2865 1021 2928 aufert
1034 2869 1053 2929 a

75 2957 265 3020 confessariis
277 2957 447 3039 approbatis
460 2963 638 3039 potestatem
656 2954 829 3020 absolvendi
845 2955 1054 3018 excommuni-

76 3052 160 3106 catos
169 3045 267 3125 quoad
277 3062 382 3108 eorum
390 3051 511 3128 peccato
525 3063 587 3108 non
598 3051 758 3124 reservata,
769 3051 799 3108 et
807 3045 931 3126 insuper
939 3041 1052 3104 directe

80 3131 225 3194 inhabiles
234 3133 271 3194 ad
284 3141 506 3198 sacramentum
515 3131 600 3198 reddi
611 3133 794 3218 nequeunt''
775 3153 796 3196 ιι
805 3133 858 3216 qui
869 3133 937 3212 iure
950 3128 1052 3193 divino

80 3219 194 3283 habiles
203 3227 283 3283 sunt

118 3311 210 3374 esti.
237 3307 375 3374 Notci⁰
400 3311 481 3393 qudd
508 3311 646 3376 minister
676 3311 835 3375 conferens
866 3263 1052 3374 sacramenta

78 3397 341 3464 excommunicato
349 3399 473 3462 tolerato
483 3401 746 3482 peccaretcontra
737 3419 787 3480 Jus
795 3398 941 3476 ιιιιιιιιιιιι
950 3397 1051 3461 dendo

76 3495 266 3556 sacramenta
280 3487 425 3570 indigno,
443 3489 496 3550 sed
513 3508 575 3553 non
592 3496 730 3572 peccaret
748 3493 854 3550 contra
867 3491 1050 3568 praeceptum

78 3579 230 3652 Ecclesiae,
247 3576 362 3660 quiaex
373 3577 492 3639 Extrav.
507 3577 713 3653 Admiranda,
730 3575 843 3640 licitum
854 3581 899 3638 est
911 3593 1050 3638 commu·

80 3669 182 3733 nicare
206 3685 278 3730 cum
305 3667 574 3732 excommunicatis
600 3667 748 3744 toleratis,
776 3665 858 3730 unde
884 3683 941 3727 nec
960 3666 1049 3728 etiam
