2462 3984
209 271 265 328 tlt
425 280 561 326 urrunnu
582 279 682 326 renus
702 277 785 324 sums
806 273 954 322 canonrcr.

590 533 739 602 carun
764 531 812 598 11.

309 696 352 746 DE
375 693 470 744 GUth
493 690 802 754 nacnlnrtscorttt,
826 686 1015 739 ratun'rtttl
1040 685 1082 737 Er

567 789 816 840 Phl'lllhRGlthl.

248 936 336 997 5791.
359 933 471 996 Praeter
493 928 735 1014 jurisdictionem
755 926 956 1010 episcopalem
981 926 1012 989 in
1031 927 1174 1009 propriam

208 1023 382 1102 diaecesim,
413 1017 662 1102 Archiepiscopns
686 1017 948 1101 metropolitanam
976 1015 1008 1078 in
1041 1015 1176 1080 dioeceses

208 1113 428 1194 suffraganeas,
450 1111 567 1171 Primos
581 1109 613 1170 in
628 1107 774 1190 primaths
794 1105 840 1170 sui
866 1103 1050 1194 territorium
1075 1106 1177 1188 prima·

209 1201 309 1262 tielem
320 1249 328 1278 ,
339 1198 510 1262 Patriarcha
530 1198 562 1262 in
576 1215 632 1259 suo
645 1195 848 1280 patriarchatu
858 1191 1089 1277 patriarchalem
1100 1194 1178 1278 juris

209 1290 371 1351 dictionem
395 1287 510 1350 habet:
537 1304 704 1369 omnesque
727 1286 769 1348 illi
797 1284 941 1367 peculiari
968 1283 1116 1348 tribunali
1142 1285 1177 1346 uti

210 1379 307 1440 solent
322 1377 360 1440 ad
374 1375 572 1440 exercendam
587 1373 759 1458 huJusmcdi
772 1373 1023 1457 jurisdictionem.
1040 1375 1136 1437 Porro
1148 1373 1177 1435 ad

211 1485 348 1529 normam
361 1467 457 1528 Curiae
471 1465 660 1547 episcopalis,
672 1464 879 1544 ministrisque
894 1462 1041 1526 inetdem
1051 1463 1177 1526 adhiberi

210 1556 303 1618 solitis
317 1555 508 1636 componitur
522 1553 580 1616 hoc
593 1553 744 1634 peculiare
761 1551 903 1615 tribunal.

250 1648 294 1707 De
312 1651 455 1726 potestate
478 1643 722 1724 metropolitana,
745 1641 903 1725 primatiali
927 1645 958 1703 et
971 1641 1177 1723 patriarchali,

211 1733 392 1796 sufficienter
404 1733 536 1796 diximus
551 1733 581 1794 in
596 1732 694 1813 primo
709 1731 796 1792 libro.
812 1729 888 1792 Vide
903 1733 1072 1809 (890-845).

250 1828 339 1886 5792.
358 1823 481 1896 Quaerit.
498 1827 529 1884 t⁰
549 1823 596 1882 An
610 1819 751 1882 Oflicialis
764 1819 1014 1902 metropolitanus
1027 1821 1126 1902 possit
1137 1826 1179 1882 ant

210 1912 316 1975 debeat
330 1911 410 1975 idem
425 1931 490 1974 esse
504 1930 540 1974 ac
553 1909 766 1973 dioecesanus?

250 2005 339 2084 Resp.
370 2007 400 2064 t⁰
426 2003 512 2064 Certe
540 1999 638 2063 eidem
661 1997 785 2061 Officiali
809 2003 908 2081 potest
935 1998 1180 2082 Archiepiscopus

210 2091 413 2155 dioecesanam
427 2091 517 2153 simul
532 2097 561 2153 et
575 2089 836 2170 metropolitanam
849 2087 1092 2172 Jurisdictionem
1105 2107 1179 2154 com-

211 2182 328 2244 mittere
350 2179 569 2255 exercendam3
599 2179 661 2240 imo
693 2179 717 2238 si
742 2177 816 2239 nihil
839 2177 1020 2240 determinet
1046 2185 1180 2242 censetur

210 2277 369 2351 utramque
381 2268 622 2351 jurisdictionem
633 2269 859 2331 communicare
869 2267 896 2330 ei
911 2285 1004 2350 quem
1018 2269 1180 2332 assumitin

210 2357 363 2421 vicarium
377 2357 561 2439 generalem.

249 2449 337 2509 5793.
356 2448 432 2509 Casu
446 2453 620 2529 autemquo
637 2445 887 2529 Archiepiscopus
906 2465 1003 2510 unum
1020 2447 1058 2510 ad
1073 2449 1181 2513 dioece·
1227 2444 1228 2479 ³

211 2553 331 2612 sanam,
347 2536 473 2600 alterum
491 2535 528 2598 ad
553 2535 814 2618 metropolitanam
830 2535 1072 2619 jurisdictionem
1095 2539 1182 2620 depu-

210 2631 302 2701 taret,
316 2625 461 2709 disputari
479 2631 578 2708 potest
594 2645 633 2688 an
655 2631 783 2708 uterque
801 2625 903 2688 haberi
925 2633 1025 2706 posset
1043 2631 1079 2689 ut
1100 2646 1181 2691 verus

211 2731 246 2775 ac
265 2715 385 2795 proprie
399 2714 497 2777 dictus
511 2715 648 2778 Vicarius
663 2714 885 2792 Gene1¹aliS,an
900 2716 971 2776 verd
985 2715 1023 2777 sit
1041 2715 1181 2780 duntaxat

211 2819 314 2864 merus
327 2801 498 2884 delegatus,
514 2806 551 2865 ch
564 2803 646 2886 qudd
664 2811 770 2866 neuter
782 2801 891 2865 haheat
904 2803 1107 2870 universalem
1120 2825 1180 2868 mo·

210 2889 311 2953 raliter
329 2883 481 2972 loquendo
499 2891 737 2974 jurisdictionem
752 2913 760 2953 ι
775 2891 857 2955 unde
871 2893 964 2956 tutius
978 2903 1045 2974 aget
1063 2896 1180 2959 Archia·

211 2979 352 3062 piscopos
375 2984 399 3042 si
422 2999 484 3043 non
498 2981 605 3044 limitet
618 2983 657 3044 ad
674 2981 829 3044 dioecesim
848 3000 973 3045 suorum
997 2984 1179 3049 vicariorum

210 3069 475 3151 jurisdictionem,
500 3089 539 3134 nc
560 3070 636 3134 torte
663 3072 695 3132 in
723 3071 921 3152 quaestionem
946 3073 1047 3134 veniat
1065 3074 1180 3135 illorum

211 3157 387 3237 vicariatus,
403 3161 474 3222 chm
489 3162 654 3242 praesertim
670 3179 731 3223 non
745 3158 900 3222 limitando
915 3159 1036 3223 illorum
1048 3161 1180 3244 jurisdic

210 3247 324 3310 tionem
339 3267 458 3331 semper
468 3256 564 3331 potest
578 3251 737 3330 injungere
750 3249 803 3312 uni
815 3247 938 3311 officiali
950 3255 984 3312 ut
997 3269 1029 3312 se
1039 3252 1180 3314 abstineat

212 3337 341 3400 hoausis
351 3337 526 3402 dioecesium
541 3345 572 3401 et
585 3339 667 3401 alteri
683 3345 718 3402 ut
731 3337 850 3400 nonnisi
866 3339 931 3400 istis
950 3337 1128 3403 diocesanis
1141 3341 1180 3401 in·

212 3426 345 3488 cumbet.
361 3427 447 3503 (Vide
461 3427 574 3504 Bouix,
590 3427 633 3488 De
646 3427 759 3506 dedic,
775 3444 804 3507 p.
822 3429 898 3505 atr,
913 3429 984 3506 etc.)

252 3516 340 3576 arat.
362 3515 482 3587 Quaerit.
505 3517 536 3578 2⁰
553 3515 751 3588 Ouandonam
772 3515 867 3596 possit
886 3516 1028 3597 appellari
1047 3519 1066 3580 a
1085 3517 1180 3580 suffra·

213 3601 316 3678 ganeis
334 3602 371 3664 ad
387 3603 663 3684 Metropolitanum,
676 3611 707 3668 et
724 3603 849 3686 quinam
868 3605 929 3666 sint
941 3605 1066 3670 effectus
1080 3606 1179 3688 hujus·

215 3684 295 3748 rrrodi
309 3688 540 3770 appellationis?
