2452 3984
337 375 341 384 ¹
444 319 529 365 asana
550 321 681 367 nunnus.
983 307 1038 368 191

65 437 82 476 s
99 425 168 500 post
187 415 336 496 ejuratam
358 416 493 479 turam
515 417 741 497 irrepularitote
761 427 895 498 tenetur,
917 419 1042 504 adeoque

65 529 80 564 s
102 505 316 592 dispensatione
335 503 633 587 indipetodordincs
651 505 916 590 accipiendam
936 511 1043 573 retictd

64 616 80 653 ι
101 595 221 676 dpotre
234 593 358 672 naresi,
373 611 461 678 eoque
472 592 672 678 Ι00110010οἰ0
691 595 788 658 sinum
805 615 939 677 reverso,
962 598 1024 681 filii
1032 645 1041 676 ,

65 703 79 742 a
97 682 195 764 juata
217 683 376 765 nquiorem
400 690 431 746 et
456 683 551 766 mapis
577 691 723 766 receptam
746 684 1039 768 interpretationem,

65 779 81 832 s·
103 771 334 854 irrepularitate
344 770 609 836 sotnnnmvide
618 791 710 856 supra
720 773 906 858 (laamas
916 775 1043 838 Infamia

64 884 78 920 s
101 881 165 924 non
179 861 300 924 tantum
313 859 395 938 lacti,
408 859 462 923 sed
475 861 565 924 etiam
582 861 670 942 iuris,
686 863 752 944 ipso
766 862 845 926 lecto
859 863 1042 928 incurrenda

63 973 78 1009 n
100 953 181 1032 (cap.
198 953 257 1027 13,
278 949 323 1012 Dr
346 949 519 1030 hereticis).
543 952 616 1014 Hace
638 956 740 1014 autem
763 950 886 1015 isllamia
911 953 950 1016 ad
966 953 1043 1016 lilios

63 1063 77 1098 a
100 1039 316 1102 hereticorum
328 1057 390 1100 non
404 1038 578 1122 porrigitur,
590 1041 662 1102 oum
677 1038 881 1120 1000110)000
893 1042 1042 1104 sancitum

62 1153 75 1186 a
99 1130 149 1192 sit.
165 1133 201 1191 6ο
217 1127 355 1210 Denique
368 1128 495 1209 privatio
513 1129 674 1210 sepulturas
693 1130 939 1194 ecclesiasticae...
955 1149 1040 1213 :cap

61 1241 74 1274 a
98 1218 202 1294 Sicut,
218 1215 253 1278 de
266 1216 467 1291 ttaretiec's...;
480 1216 512 1278 in
526 1235 592 1298 cap.
608 1221 639 1294 2,
656 1217 774 1294 eodem,
789 1217 820 1280 in
834 1223 878 1295 6⁰,
893 1220 1042 1283 sancitum

62 1333 73 1362 a
98 1315 171 1370 est:
191 1305 234 1369 Ut
255 1307 427 1388 quecumque
448 1306 614 1380 decedens,
637 1307 686 1369 acl
708 1307 870 1385 credentes,
886 1308 931 1371 ael
943 1329 1041 1393 recep·

61 1418 73 1452 s
100 1404 225 1472 tutores,
236 1395 283 1457 oet
296 1393 473 1476 defensores,
489 1393 535 1456 oet
551 1393 683 1475 sautans
706 1415 805 1458 eorum
818 1397 945 1460 scienter
962 1417 1041 1480 prce·

61 1507 73 1538 n
98 1485 283 1566 sumpserint
304 1482 507 1546 ecclesiasticae
532 1484 693 1567 sepultura
712 1485 844 1564 tradere,
868 1492 1042 1549 sententiam

60 1597 73 1629 a
99 1573 416 1637 excommunicationis
434 1572 594 1634 incurrunt
610 1591 698 1654 nsque
710 1572 751 1634 ad
762 1573 894 1638 idoneam
907 1575 1043 1658 satisfac·

62 1685 76 1720 n
101 1664 223 1725 tionera.
239 1683 255 1722 n
273 1663 316 1723 lta
329 1659 415 1724 dard.
437 1661 556 1741 Segia,
571 1661 645 1724 lnst.
655 1661 723 1744 jur.
735 1664 831 1744 prio„
846 1664 864 1746 ᾗ
878 1668 957 1728 9310
976 1659 1043 1728 aide

63 1751 285 1834 50000(1Γ116).
312 1749 496 1832 Denegando
517 1757 563 1814 est
586 1756 688 1813 autem
710 1753 864 1834 sepultura
885 1753 1041 1816 ecclesias-

63 1841 121 1903 tica
134 1841 296 1913 haerctico',
321 1839 437 1902 etiamsi
455 1857 519 1901 non
537 1840 577 1902 sit
591 1839 803 1919 denuntiatae,
818 1841 910 1903 moda
931 1842 970 1903 sit
991 1861 1043 1904 00-

63 1931 157 1992 torius
170 1937 201 1992 ct
214 1929 284 1991 licet
298 1927 407 2010 pariter
421 1947 483 1990 non
497 1927 645 2009 pertineat
667 1927 705 1990 ad
725 1935 838 1990 sectam
861 1937 1040 2010 separatam,

65 2024 98 2080 ut
110 2024 229 2080 constat
246 2035 283 2079 ex
302 2018 426 2080 Constit.
442 2017 526 2080 inter
538 2023 657 2079 cunctas
668 2017 789 2078 Martini
804 2019 843 2093 V,
862 2017 913 2080 ubi
932 2017 1041 2081 dicitur

62 2107 129 2186 §82
149 2106 349 2170 oSihaeretioi
359 2105 470 2188 publici
481 2103 686 2180 acmanilesti²
699 2103 914 2167 licetnondum
926 2108 1042 2186 00090-

62 2219 78 2256 o
100 2196 226 2259 alesiam
240 2194 393 2273 declarati,
408 2193 441 2256 in
458 2194 517 2257 hoc
529 2201 592 2256 tam
603 2192 686 2276 gravi
697 2193 824 2257 crimina
838 2193 1040 2273 decesserint;

61 2307 78 2344 a
102 2282 1043 2365 ecclesiasticacareantsepulturt,necoblationesflantautra

61 2397 77 2433 n
103 2375 257 2456 cipiantur
271 2391 325 2454 pro
339 2371 487 2436 eisdem.n
501 2375 549 2435 An
559 2379 660 2436 autem
673 2373 881 2436 caemeterium
890 2372 1042 2454 polluatur

61 2482 117 2546 per
131 2461 319 2544 sepulturam
332 2460 463 2524 haeretici
478 2461 585 2523 notorii
594 2507 604 2539 ‚
614 2460 682 2523 vide
696 2460 775 2522 dieta
788 2479 877 2541 supra
888 2463 999 2539 (1799).

102 2551 210 2624 Quoad
226 2568 329 2632 poenas
343 2552 360 2612 a
376 2549 511 2614 seculari
525 2555 670 2631 potestate
684 2556 789 2611 contra
801 2547 959 2610 haereticos
972 2567 1041 2610 san·

63 2641 138 2703 citas
151 2687 160 2718 ,
173 2637 243 2701 vide
258 2639 345 2702 Card.
360 2638 461 2721 Soglla
474 2636 614 2720 (itidem).

101 2732 195 2791 6119.
213 2727 336 2800 Quarit.
348 2730 416 2789 l⁰A
429 2727 614 2809 quibusnam
625 2731 656 2790 et
668 2725 821 2808 quomodo
832 2726 990 2791 haereticus
1003 2728 1042 2792 sit

60 2815 289 2897 absolvendus?

103 2909 196 2988 Resp.
212 2906 318 2978 Quoad
331 2905 461 2988 primam
483 2905 659 2987 quaestionis
673 2911 787 2987 partem
805 2906 872 2969 vide
895 2906 974 2970 dieta
987 2926 1035 2970 su·

65 2993 346 3078 pratiteettea).
363 2994 468 3067 Quoad
489 2995 560 3058 veris
582 2993 747 3057 secundam
762 3002 876 3077 partem
893 2995 917 3058 si
931 3004 1037 3077 agatur

65 3085 101 3148 de
114 3084 182 3146 loro
194 3091 336 3146 externo:
351 3087 383 3146 l⁰
396 3084 484 3166 Exigi
506 3083 596 3146 debet
614 3090 683 3147 anta
705 3085 808 3147 omnia
821 3085 942 3147 haeresis
956 3085 1039 3162 abju-

66 3173 152 3252 ratio,
163 3191 219 3255 000
233 3175 294 3256 qut
307 3173 432 3238 consule
446 3173 637 3235 Pontificale':
648 3173 718 3235 ordo
731 3173 771 3236 od
780 3171 1038 3244 reconciliandum,

64 3266 82 3323 3
97 3258 1039 3343 000090100900]10100(6135);0010101010001100009000901

65 3351 102 3412 ab
115 3351 268 3432 Episcopo
282 3357 360 3414 esset
379 3349 572 3432 recipienda,
596 3349 824 3414 determinanda
844 3355 922 3412 esset
945 3348 1041 3411 forma

65 3439 102 3500 ab
116 3457 153 3502 ec
167 3437 220 3520 qui
234 3438 286 3501 dat
299 3439 472 3502 facultatem
494 3439 671 3502 haereticum
694 3436 907 3501 reconciliandi
933 3435 1039 3518 (6462-

65 3531 167 3610 6166).
183 3531 217 3590 10
233 3528 386 3604 Galliasic
407 3527 572 3610 generatim
592 3526 807 3591 conficiebatur
822 3531 906 3589 actus
919 3525 1039 3606 abjura-

65 3618 180 3682 tionem
193 3617 350 3680 relerens:
370 3639 386 3681 o
403 3617 473 3681 Ν...
491 3616 692 3698 Episcopus...
711 3622 812 3675 notum
824 3613 949 3695 facimus
971 3617 1038 3674 nni-

67 3707 176 3786 oersis‚
191 3707 277 3770 die...
293 3706 362 3770 Ν...
384 3706 518 3768 heresim
541 3705 609 3768 Ν...
633 3721 725 3786 quom
740 3709 826 3764 antea
843 3701 1040 3787 profitebatur
