2452 3984
217 155 277 216 204
365 235 368 241 Ι
438 169 575 216 ussurus
595 169 695 216 roaros
715 165 797 216 rums
817 170 964 218 cruenter.

217 266 300 350 quod
313 265 386 328 sane
396 264 482 328 valde
495 265 602 328 decere
614 265 741 328 videtur.
758 267 879 344 (Bouix,
897 266 1014 347 thideri,
1030 271 1104 344 ltu,
1120 271 1197 351 eto}

256 359 344 418 eota.
358 389 397 402 -
407 357 438 416 6ο
452 353 639 435 Regulariter
652 353 805 435 loquendo
822 355 968 418 restitutio
989 355 1021 416 iu
1041 355 1199 438 integrum

217 443 346 526 petenda
357 449 402 506 est
415 444 433 504 d
442 442 543 522 judice
555 441 634 504 illius
648 447 752 505 contro
767 461 859 525 quem
870 462 924 506 seu
939 444 969 505 in
981 445 1069 522 cuius
1085 449 1199 527 praeju·

217 531 329 594 dicium
346 532 492 596 restitutio
506 531 627 614 petitur,
639 533 676 594 ed
690 531 863 613 quddactor
875 531 973 595 lorum
983 531 1027 594 rei
1042 535 1132 616 sequi
1147 536 1201 598 de·

218 619 336 698 beat3et
348 621 442 685 inboc
451 639 535 698 casu,
546 620 595 684 ille
605 627 807 702 contraquam
819 620 939 702 petitur,
951 619 1112 685 habendus
1120 625 1158 684 sit
1170 631 1201 686 ut

219 727 299 772 reus.
311 709 487 793 Excipiendi
497 715 568 771 sunt
580 717 682 772 tamen
697 729 785 773 casus
799 719 959 790 sequentes
971 728 979 770 τ
991 709 1055 772 l⁰si
1068 712 1201 775 ecelesia

220 803 301 880 petat
310 799 529 862 restitutionem
541 798 572 860 in
583 799 732 881 integrum
744 805 850 862 contra
859 799 968 860 laicum
980 819 989 875 ;
1001 802 1035 861 2·
1043 799 1067 860 si
1080 808 1202 882 petatur

221 887 366 951 restitutio
388 894 494 952 contra
515 887 648 968 aliquem
671 893 859 950 contractum
879 906 940 950 non
963 892 1010 950 est
1027 893 1204 955 necessarie

221 974 379 1039 adeundus
389 976 483 1057 judex
502 974 665 1053 domicilii,
680 975 734 1038 sed
754 981 851 1057 potest
865 974 939 1038 adiri
951 975 1047 1056 Judex
1059 975 1123 1040 loci
1140 999 1205 1061 quo

221 1063 387 1127 celebratus
401 1064 458 1128 luit
471 1069 661 1142 contractus,
675 1065 721 1126 vel
733 1064 825 1144 judex
845 1063 903 1128 loci
922 1082 984 1146 quo
1001 1081 1051 1127 res
1069 1065 1130 1128 sita
1147 1077 1201 1130 est.

225 1151 296 1216 Vide
310 1171 359 1232 ap.
376 1152 472 1215 Bouix
488 1152 557 1234 (ab,
570 1172 602 1235 q.
619 1155 813 1231 litoteta).

262 1245 425 1303 bold—'1⁰
435 1241 675 1314 Quadriennium
687 1243 705 1304 b
716 1242 785 1322 jure
798 1239 974 1305 conceditur
982 1242 1020 1304 ad
1035 1243 1204 1324 petendam

223 1328 443 1392 restitutionem
474 1331 506 1391 in
529 1331 680 1413 integrum
699 1332 781 1411 (Lag.
806 1329 873 1406 lim,
897 1349 963 1412 cap.
995 1330 1032 1393 de
1052 1339 1147 1414 temp.
1177 1337 1205 1392 in

225 1419 334 1500 r'nteqr.
362 1418 501 1498 restit.):
524 1419 671 1488 sedillud
694 1411 928 1501 quadriennium
951 1439 1006 1502 pro
1029 1421 1204 1485 minoritas

225 1513 271 1569 est
296 1507 532 1590 computandum
557 1510 675 1570 tantlrm
698 1509 737 1571 ab
763 1525 845 1570 anno
871 1511 909 1569 25
937 1509 1114 1590 completo,
1149 1515 1204 1573 nisi

226 1596 325 1658 minor
338 1597 455 1659 veniam
469 1599 564 1661 aetatis
579 1597 796 1680 impetraverit:
814 1615 885 1658 nam
900 1597 932 1658 in
945 1597 1003 1660 hoo
1016 1617 1111 1675 casu,
1129 1621 1204 1682 qur·

225 1683 399 1748 driennlum
412 1693 603 1769 computatur
622 1685 703 1750 ldie
716 1703 779 1768 quo
796 1685 884 1748 venia
897 1686 992 1750 atatis
1005 1685 1060 1750 luit
1079 1687 1205 1752 obtenta

226 1780 257 1836 et
270 1773 416 1839 intimata.

265 1864 373 1946 Incipit
383 1883 440 1946 pro
454 1863 589 1928 eeclesiis
608 1870 637 1927 et
657 1865 723 1928 aliis
743 1865 795 1947 qui
807 1865 877 1945 jure
894 1865 1049 1928 minorum
1068 1869 1204 1947 gaudent

222 1953 307 2016 adia
327 1953 434 2029 taeta,
449 1952 495 2017 vel
509 1960 543 2017 ut
559 1953 650 2035 aliqui
670 1960 796 2036 putant,
816 1954 944 2035 cognitas
964 1953 1101 2018 laesionis
1123 1959 1202 2041 (cap.

229 2043 363 2105 Ecclesia
379 2046 408 2120 l,
425 2047 496 2119 etet,
512 2041 546 2105 dc
561 2043 592 2103 in
606 2042 715 2124 intepr.
731 2049 816 2120 rest„
831 2042 862 2104 in
876 2043 935 2122 6⁰).

268 2130 430 2210 Maioribus
451 2149 631 2194 concessum
644 2132 813 2213 computari
826 2131 915 2193 debet
932 2131 1013 2196 adia
1029 2151 1097 2214 quo
1111 2143 1204 2198 cessat

229 2238 319 2282 causa
331 2219 486 2295 obsentiae‚
502 2219 548 2281 vel
562 2220 683 2282 alterius
699 2219 906 2302 impedimenti
919 2227 1042 2302 propter
1060 2225 1152 2304 quod
1169 2228 1204 2286 eis

229 2306 404 2371 conceditur
415 2307 561 2370 restitutio
571 2309 653 2388 (Lag.
664 2307 700 2371 In
713 2309 759 2370 ln's
769 2307 898 2389 t‚etleg.
911 2308 977 2386 lin,
987 2327 1054 2392 cap.
1066 2310 1107 2374 dc
1116 2320 1202 2394 temp.

229 2401 262 2458 in
275 2398 383 2480 intepr.
397 2400 491 2476 rest.).
503 2397 656 2480 Excipitur
669 2398 815 2462 restitutio
825 2401 961 2461 excausa
974 2401 1073 2460 mettis
1087 2407 1120 2463 et
1135 2401 1203 2476 doli,

230 2487 281 2550 illa
294 2489 377 2550 enim
387 2505 470 2551 anno
481 2535 489 2566 ‚
499 2487 564 2550 haec
578 2486 701 2550 biennio
714 2489 858 2550 continuo
871 2486 983 2552 finitur.
997 2489 1040 2550 lta
1051 2488 1204 2553 Schmatr·

231 2577 418 2660 grueberap.
434 2577 530 2640 Bouix
545 2575 613 2656 (ila,
630 2595 661 2658 p.
677 2579 737 2640 tte
749 2583 779 2639 at
791 2579 871 2656 420).

270 2667 368 2728 Etiam
382 2673 450 2748 post
469 2665 702 2748 quadriennium
719 2666 866 2729 restitutio
879 2665 1014 2729 ecclesiae
1026 2667 1204 2730 conceditur

232 2754 263 2817 in
276 2755 455 2836 quibusdam
467 2755 585 2819 casibus
595 2754 633 2817 de
647 2754 757 2836 quibus
766 2754 832 2817 vide
846 2754 943 2817 Bouix
956 2754 1024 2834 (ib,
1038 2774 1069 2836 p.
1086 2759 1172 2828 419).

272 2848 361 2908 6074.
377 2843 564 2924 Regulariter
583 2843 729 2907 restitutio
741 2844 774 2905 in
791 2843 943 2924 integrum
961 2843 1123 2926 suspendit
1134 2862 1204 2907 sen·

232 2932 333 2995 tentiae
346 2933 564 2995 executionem.
578 2931 700 3013 (Bouix,
715 2929 770 3012 ib.)

272 3024 382 3084 Praeter
396 3021 503 3085 modos
518 3039 608 3103 supra
621 3021 786 3102 descriptos
800 3021 865 3085 lites
878 3020 1021 3099 finiendi,
1036 3029 1108 3083 sunt
1122 3021 1172 3083 alii
1188 3025 1204 3083 a

234 3111 300 3196 lege
311 3128 372 3172 non
381 3109 650 3186 determinati,sed
661 3109 885 3192 quilpartibus
894 3116 1000 3192 sponte
1009 3109 1200 3188 adhibentur,

233 3209 266 3264 ut
284 3198 442 3263 arbitratus
459 3202 490 3261 et
501 3199 731 3278 transactiones,
746 3199 784 3260 de
806 3198 917 3280 quibus
935 3197 1003 3260 vide
1023 3199 1125 3260 Devuti
1145 3200 1202 3274 (Dc

234 3288 371 3368 dediciis,
385 3287 429 3349 tit.
444 3289 483 3350 ll
498 3295 528 3348 et
542 3289 600 3367 ts),
616 3293 646 3349 et
658 3287 737 3350 dicta
753 3305 845 3370 supra
860 3287 1056 3370 (scobebat)
1072 3287 1109 3348 de
1121 3287 1194 3349 arbi

236 3378 299 3460 tris,
314 3387 343 3441 et
352 3380 450 3458 (5889)
460 3375 499 3440 de
511 3376 738 3462 compositione.
