2526 3988
168 269 207 326 80
392 277 529 323 urrunnu
549 277 649 324 nonus
670 277 751 324 runis
770 275 917 350 ennomus.

169 381 241 444 tiern
261 380 379 461 exiget,
404 380 496 460 possit
517 377 713 440 beneficiatus
733 377 813 459 apud
827 375 1019 438 Ordinarium
1039 373 1096 438 loci
1112 373 1146 435 in

170 489 231 552 quo
245 473 339 531 exstat
352 467 553 538 beneficium,
570 467 724 530 conveniri
738 464 838 548 quoad
851 477 958 530 omnes
971 481 1099 528 causas:
1115 467 1149 526 et

170 559 229 639 boc
242 577 347 620 verum
356 561 402 620 est
415 556 516 638 quoad
529 557 648 640 singula
656 555 829 637 hujusmodi
844 553 1009 632 beneficio,
1020 552 1045 616 si
1055 552 1147 636 plura

173 649 242 710 talia
255 647 403 710 beneficia
416 646 447 706 in
461 646 584 708 diversis
597 644 777 708 dioecesibus
791 662 827 707 ex
837 642 1061 725 dispensatione
1070 659 1149 724 pon-

173 737 265 798 tilicit
278 735 367 797 simul
380 735 550 816 possident3
567 735 591 797 si
602 735 672 797 verb
687 731 868 796 beneficium
878 731 1071 794 residentiam
1082 749 1149 792 non

174 831 242 906 post
230 825 322 902 tulet,
344 823 539 886 beneficiatus
552 823 590 885 ab
611 823 757 904 Episcopo
771 821 828 884 loci
849 821 916 883 tulis
935 818 1073 884 beneficii
1089 817 1152 881 de-

175 913 287 995 pendet
300 912 443 975 duntaxat
453 905 555 996 quood
568 929 674 976 causes
686 909 870 974 beneficium
883 909 1088 991 respicientes.
1105 908 1151 970 lu

176 1002 376 1064 communiter
391 1001 441 1078 (ib.
434 1049 456 1082 .,
472 1021 501 1084 p.
515 1005 595 1082 279).

216 1095 367 1154 5689.—
387 1094 419 1151 6⁰
440 1091 571 1164 Quilibet
584 1092 711 1155 clericus
710 1073 832 1170 (imos
824 1108 856 1151 rn
870 1087 968 1151 causis
987 1085 1153 1169 'spirituali-

177 1179 254 1258 bus,
270 1179 396 1280 quilibet
409 1180 528 1280 laicus),
551 1181 575 1242 si
589 1181 728 1243 Ronrae'
707 1185 745 1241 sit
759 1197 911 1260 praesens,
925 1182 1023 1260 potest
1037 1175 1154 1238 ibidem

178 1267 329 1330 conveniri
341 1269 503 1350 ,quemvis
525 1268 636 1332 ibidem
649 1269 836 1330 domicilium
849 1273 900 1330 out
919 1265 1018 1348 quasi-
1006 1263 1154 1338 domici·

178 1355 256 1420 lium
279 1357 414 1419 nondum
438 1357 646 1459 acquisiverit,
669 1375 727 1421 neo
749 1357 790 1419 ibi
812 1353 955 1418 delictum
974 1354 1155 1435 patraverit,

180 1451 233 1508 cut
251 1452 439 1508 contractum
454 1447 620 1528 peregerit,
637 1466 694 1510 nee
716 1449 820 1508 ltomae
833 1445 888 1508 sita
902 1445 941 1507 sit
954 1463 1002 1506 res
1017 1461 1071 1524 pro
1090 1445 1156 1524 qud

181 1534 380 1596 convenitur:
397 1535 471 1597 illud
494 1542 610 1600 constat
632 1555 749 1618 excep.
774 1535 858 1598 Licet
872 1538 928 1612 20,
948 1534 991 1594 tit.
1010 1537 1045 1610 2,
1061 1531 1115 1594 lib.
1132 1535 1156 1595 2

181 1624 311 1700 Decret,
323 1625 370 1686 cui
385 1625 813 1708 sequerrsrubricupraefigitur
830 1646 836 1682 :
853 1623 1010 1703 «Quisque
1023 1621 1157 1684 clericus

183 1734 197 1770 r
222 1717 318 1792 potest
341 1715 370 1773 in
396 1714 485 1776 Curitt
498 1717 632 1777 ltomont
654 1713 826 1791 conveniri,
842 1712 911 1775 licet
924 1709 996 1774 alits
1011 1709 1157 1792 specifice

183 1823 198 1859 o
222 1799 322 1862 sorum
337 1801 377 1863 ibi
393 1821 454 1864 non
478 1804 637 1882 sortietur3
656 1803 745 1866 hobel
766 1810 868 1864 temen
883 1819 918 1863 ex
933 1802 1023 1862 coust
1034 1801 1085 1880 jus
1104 1819 1157 1861 re-

183 1911 198 1949 n
223 1889 348 1951 vocandi
369 1891 506 1955 domurn.
531 1914 546 1952 o
572 1895 607 1955 ln
629 1894 694 1974 ipsb
715 1899 817 1954 nutem
831 1889 975 1953 Decretali
999 1888 1042 1951 sic
1062 1887 1159 1952 baltei

185 1979 345 2058 Gregorius
358 1982 398 2042 lX
414 2001 421 2042 :
442 2004 457 2040 n
471 1982 552 2044 Licet
565 1983 681 2044 ratione
702 1979 822 2057 delicti,
839 1997 893 2042 seu
905 1979 1089 2053 contractus,
1102 1983 1161 2040 eut

184 2087 199 2126 r
223 2066 382 2146 domicilii,
394 2070 455 2132 sive
469 2071 511 2132 rei
524 2071 562 2132 de
572 2073 632 2152 qut
646 2077 749 2132 contre
760 2085 962 2150 possessorem
976 2084 1065 2129 ceusu
1087 2084 1159 2128 mo-

185 2177 200 2214 n
224 2163 307 2217 vetur
320 2157 441 2238 (quibus
455 2160 553 2221 forum
561 2159 736 2240 regulariter
750 2157 818 2240 quis
828 2156 975 2234 sortitur),
987 2155 1162 2238 Episcopus

185 2266 200 2304 n
226 2251 321 2306 vester
332 2263 380 2326 ap.
390 2247 712 2328 sedemnpostolioern
722 2245 1161 2326 conventusnonfueritzquia

186 2355 201 2392 e
225 2338 327 2394 temen
341 2335 683 2398 omniurnecclesiurum
694 2333 1159 2416 Meteresteudemetltlegistrn,
1259 2345 1260 2370 l

186 2445 202 2482 o
226 2422 282 2483 rite
294 2423 433 2504 compelli
449 2425 544 2506 potuit
557 2431 590 2488 ut
608 2425 648 2486 ibi
667 2426 730 2488 suis
748 2423 923 2487 adversariis
938 2421 1159 2504 responderet:

187 2531 202 2570 s
226 2510 284 2572 nisi
295 2529 350 2591 pro
368 2511 423 2574 elit
439 2515 520 2593 justb
535 2520 565 2576 et
575 2515 741 2590 recesserit
754 2515 843 2575 causti
854 2512 984 2575 venisset
998 2559 1008 2590 ,
1022 2529 1116 2594 quern
1130 2513 1161 2575 si

187 2622 202 2659 n
227 2605 300 2662 tunc
320 2599 493 2682 allegasset,
514 2605 564 2683 jus
586 2602 743 2666 revocandi
767 2601 894 2673 domum
917 2601 1031 2664 salvum
1052 2600 1163 2665 luisset
1257 2602 1259 2657 ἴ

187 2711 203 2748 o
227 2688 337 2751 eidem.
358 2712 373 2749 o
392 2690 495 2754 Simile
515 2692 589 2773 quid
609 2691 725 2774 vigebat
739 2691 771 2753 in
784 2693 921 2754 llomsntl
934 2689 1110 2773 Republica,
1124 2698 1163 2754 ut
1258 2700 1259 2703 ’

188 2781 304 2840 constat
317 2795 353 2838 ex
367 2779 445 2861 Lege
460 2779 560 2843 Romu
573 2783 629 2859 33,
644 2780 676 2843 ff.
692 2779 733 2843 cd
743 2780 889 2861 Munieip.
1258 2782 1259 2785 ’

229 2870 318 2929 5690.
341 2868 564 2931 Potesttamen
587 2870 714 2933 clericus
736 2889 774 2932 ex
801 2869 922 2951 prelatt
944 2869 1109 2945 Decreteli,
1133 2890 1162 2934 ει
1258 2938 1259 2955 χ

189 2956 301 3017 venerit
309 2957 435 3018 bomem
441 2958 544 3020 ecclid
557 2959 643 3020 camd
649 2957 736 3041 justd
749 2956 955 3034 etnecessarid,
964 2975 1026 3020 non
1034 2957 1162 3040 quidem

190 3043 290 3106 lorum
312 3046 482 3108 Romarmm
509 3047 678 3123 declinere,
696 3047 848 3130 siquidem
864 3047 964 3110 lorum
984 3045 1161 3126 hujusmodi

190 3137 236 3195 est
247 3140 439 3215 competens,
455 3135 508 3198 sed
522 3157 638 3199 causam
659 3137 772 3200 domum
787 3155 940 3214 revocare,
955 3155 1009 3200 seu
1023 3137 1163 3204 obtinere

189 3229 224 3286 ut
237 3222 292 3284 sibi
306 3221 430 3285 licentio
445 3243 530 3287 sunm
544 3225 698 3290 dioecesim
709 3227 814 3290 reverti
824 3232 853 3289 et
860 3225 900 3288 ibi
914 3224 977 3290 suis
985 3224 1161 3290 adversariis

190 3329 293 3373 curem
307 3311 464 3375 Ordinario
478 3331 533 3376 suo
547 3315 739 3396 respondere.

230 3401 320 3462 5691.
342 3402 396 3462 lus
419 3401 573 3482 praefatum
588 3422 650 3465 non
673 3403 775 3467 baberi
795 3403 885 3467 debet
905 3410 939 3467 ut
958 3407 1160 3468 revocarunt

192 3487 305 3550 Concil.
320 3488 453 3551 Trident.
470 3491 501 3552 in
516 3511 576 3572 quo
590 3492 699 3556 dicitur
716 3493 800 3576 (sess.
816 3497 872 3571 ul,
888 3513 916 3556 c.
932 3496 981 3572 ΞΟ)
998 3511 1006 3554 :
1026 3495 1162 3558 «Gausre

193 3596 208 3636 r
232 3593 338 3638 omnes
351 3577 387 3638 ed
402 3579 501 3641 lorum
515 3580 748 3644 ecclesiasticum
767 3581 994 3663 quomodolibet
1007 3583 1160 3663 pertinen-

194 3683 208 3721 ι
235 3671 298 3742 tes,
313 3667 404 3726 etiam
427 3667 615 3732 beneficiales
628 3671 707 3750 sint,
723 3671 754 3733 in
776 3670 872 3740 nrimt
890 3671 1042 3753 instantia,
1057 3689 1160 3736 coram
