2548 3988
178 270 237 336 282
402 283 541 338 aremare
557 267 658 339 mure
676 272 760 340 ruera
779 289 928 340 caucum.

177 409 193 446 a
218 393 363 467 tanquam
372 385 596 467 formidolosus,
608 389 743 468 timidus,
754 389 887 469 abjectus
896 394 926 452 et
937 389 974 454 ad
985 389 1080 454 officia
1090 396 1148 456 mi·

178 497 195 536 n
219 475 314 539 litaria
333 477 452 558 ineptus
465 475 645 557 haberetur,
660 477 791 560 indeque
805 478 919 558 officio,
939 498 1001 562 quo
1015 499 1047 544 se
1062 501 1146 545 suos*

178 587 194 625 a
219 583 278 646 que
307 571 468 639 sustentat,
497 565 680 647 privaretur,
704 568 750 631 vel
775 569 973 650 promotionis
995 571 1069 633 alias
1091 571 1147 634 sibi

178 677 194 714 a
218 651 326 716 debitae
340 673 377 718 ac
389 655 560 736 promeritae
574 675 627 738 spe
641 658 787 740 perpetuo
799 675 901 722 carere
914 657 1048 736 deberet,
1059 661 1148 742 culpa

178 763 195 804 a
218 749 248 804 et
261 745 351 824 poent
364 749 498 824 vacaret,
513 745 575 808 sive
589 744 693 808 offeret
706 746 767 810 sive
779 753 913 829 acceptet
926 747 1071 812 duellum.

219 861 234 898 o
258 840 295 903 ΙΙ.
317 841 460 903 Excusari
475 847 615 921 possunt,
636 841 726 904 etiarn
744 842 868 905 honoris
887 843 1010 918 tuendi,
1027 845 1072 907 vei
1091 845 1147 909 hu·

180 949 195 988 a
220 943 317 991 nranae
328 928 534 1011 vilipensionis
544 930 673 993 vitandae
682 931 788 1013 gratia,
802 931 938 996 duellum
947 939 1145 1016 acceptantes,

179 1039 195 1077 a
219 1017 264 1078 vei
279 1017 317 1079 od
331 1017 406 1081 illud
419 1023 633 1100 provocantes,
654 1020 777 1102 quando
794 1022 876 1084 certo
892 1023 992 1085 sciunt
1013 1043 1147 1106 pugnam

180 1127 195 1166 n
222 1125 282 1168 non
294 1125 359 1169 esse
370 1114 558 1186 secuturam,
575 1115 678 1190 utpote
691 1109 729 1171 ab
743 1110 809 1173 aliis
823 1110 1057 1193 impediendam.

218 1231 234 1268 a
257 1211 306 1270 111.
329 1213 397 1272 Non
416 1211 542 1273 incurrit
570 1211 783 1276 ecclesiasticas
806 1231 910 1295 poenas
934 1219 1038 1278 contra
1061 1215 1146 1280 duel-

180 1320 194 1354 »
219 1297 314 1360 lantes
327 1299 412 1376 lotae,
428 1297 489 1362 dux
503 1300 549 1361 vel
563 1299 698 1364 officialis
713 1301 826 1366 militia
839 1310 999 1384 acceptans
1012 1303 1146 1369 duellum

180 1403 195 1444 a·
219 1404 256 1448 ex
266 1388 346 1466 gravi
361 1393 445 1450 metu
458 1389 628 1452 amissionis
638 1389 746 1470 famae,
761 1392 806 1453 rel
816 1393 917 1456 oflicii.

218 1502 234 1540 a
258 1484 309 1543 IV.
331 1482 460 1546 Licitum
474 1491 519 1547 est
532 1484 564 1546 in
577 1491 655 1549 statu
666 1487 799 1551 hominis
812 1490 937 1552 naturali
950 1500 1105 1575 acceptare
1117 1501 1148 1558 et

180 1594 194 1629 a
219 1571 326 1634 offerre
352 1572 488 1636 duellum
510 1574 549 1636 ad
572 1577 733 1640 servandas
760 1597 831 1642 cum
854 1580 968 1644 honore
990 1583 1145 1665 fortunas,

180 1682 195 1716 a
218 1661 341 1742 quando
354 1662 413 1724 aiio
432 1664 567 1726 remedio
581 1683 688 1728 eorum
707 1667 823 1746 iactura
840 1671 1007 1752 propulsari
1028 1677 1144 1756 nequit.

219 1779 235 1816 a
259 1761 295 1819 v.
312 1762 432 1822 Asseria
444 1760 565 1823 licentia
577 1779 634 1844 pro
647 1769 724 1826 statu
739 1767 885 1843 naturali,
899 1769 1042 1851 applicari
1056 1772 1146 1836 etiam

181 1869 197 1906 a
222 1853 319 1928 potest
333 1849 420 1912 statui
441 1849 565 1913 civitatis
584 1851 662 1914 maie
682 1852 842 1932 ordinate,
858 1857 890 1918 in
905 1861 966 1938 qut
979 1859 1144 1941 nimirum,

180 1956 195 1994 a
218 1937 264 1999 vel
283 1938 465 2020 negligentia
479 1939 525 2002 vel
546 1940 659 2004 malitie
680 1943 890 2024 magistratus,
908 1948 1025 2022 justitia
1044 1953 1147 2032 operte

179 2045 195 2085 a
217 2026 424 2106 denegatur.»

218 2135 307 2194 6⁶27&
331 2131 455 2195 Videtur
471 2139 573 2196 tamen
585 2135 670 2216 quod
683 2134 818 2200 duellum
832 2139 925 2220 possit
938 2145 1086 2225 acceptari
1099 2147 1144 2210 vel

179 2218 278 2280 offerri
293 2220 331 2281 ad
340 2220 441 2282 hostes
454 2221 667 2303 debilitandos,
682 2226 728 2286 vel
741 2226 778 2287 ad
791 2229 1016 2294 terminandum
1031 2233 1145 2300 bellurn

179 2323 250 2369 cum
267 2308 375 2370 minori
388 2310 511 2372 damno.
524 2313 568 2373 Ita
578 2313 840 2400 Busenrbaumap.
855 2319 887 2381 S.
902 2320 1023 2402 Lignor.
1037 2323 1099 2406 (lib.
1111 2330 1143 2408 3,

178 2403 212 2457 n⁰
225 2398 298 2477 400)
313 2399 364 2480 qui
380 2417 442 2461 non
455 2398 572 2463 ridetur
585 2403 756 2484 reprobare.

220 2503 309 2565 6279.
326 2503 427 2564 Poenae
440 2509 541 2565 autern
554 2503 655 2568 duello
665 2506 812 2589 impositae
822 2516 882 2574 tres
896 2519 965 2576 sunt
979 2533 1015 2578 ex
1029 2517 1143 2584 concii.

177 2587 300 2651 'trident
330 2591 414 2667 (sess.
430 2595 468 2654 25
483 2639 491 2670 ,
507 2610 534 2655 c.
553 2597 600 2671 19)
617 2613 633 2676 ε,
646 2599 679 2658 t⁰
691 2599 963 2666 excommunicatio
984 2605 1050 2688 ipso
1067 2606 1144 2673 iacto

177 2675 358 2740 incurrenda
368 2687 397 2742 et
410 2681 441 2742 S.
453 2682 589 2744 Pontifici
599 2693 762 2764 reservata,
776 2708 868 2772 quam
882 2691 972 2754 etiam
986 2695 1144 2762 incurrunt

177 2767 301 2846 patrini,
329 2770 516 2833 consulentes
537 2772 628 2835 modo
646 2774 776 2856 efficaci,
798 2776 929 2843 savorem
952 2785 1141 2866 praebentes,

178 2853 292 2916 domiui
305 2859 407 2918 iocum
422 2865 609 2939 praestantem
625 2863 744 2944 ipsimet
763 2873 930 2948 spectantes
943 2873 967 2934 si
986 2871 1024 2934 de
1037 2873 1140 2936 indus-

178 2942 232 3004 triat
260 2951 393 3025 spectent
411 2953 441 3008 et
460 2952 515 3011 sut
544 2954 702 3032 praesentit
729 2955 954 3036 quodammodo
978 2961 1142 3027 duellantes

177 3033 533 3118 approbentetaniment,
543 3059 604 3102 non
614 3043 684 3104 verb
694 3044 718 3105 si
728 3048 844 3108 tantbm
854 3047 950 3112 obiter
959 3053 1141 3118 transeundo

178 3121 217 3183 ibi
240 3124 444 3205 reperiantur;
469 3133 501 3189 2⁰
522 3131 698 3212 proscriptio
719 3136 857 3197 omnium
880 3137 1051 3221 bonorum,
1072 3161 1140 3207 cum

178 3217 322 3294 perpetua
336 3213 459 3278 infamia
475 3236 482 3276 :
498 3216 563 3280 haec
582 3228 684 3282 tamen
705 3241 815 3304 poena,
837 3227 935 3308 inquit
952 3231 983 3292 S.
1006 3231 1140 3314 Ligunn,

178 3318 239 3362 non
253 3305 369 3368 vitietur
389 3311 509 3388 recepta
523 3307 555 3368 in
577 3310 685 3372 nostris
698 3313 831 3392 partibus
845 3317 914 3392 (nec
927 3319 1017 3382 etiam
1032 3322 1063 3382 in
1079 3322 1143 3384 Gal·

178 3383 245 3466 iit);
271 3395 303 3453 3·
324 3395 449 3475 privatio
474 3395 634 3478 sepulturae
656 3401 862 3466 ecclesiasticas
883 3404 921 3468 de
944 3413 1005 3489 qut
1026 3411 1143 3492 egimus

177 3491 267 3556 supra
280 3483 480 3565 (triuerat).

216 3573 305 3637 ⁶280.
331 3599 347 3634 e
367 3581 432 3642 tstae
446 3588 547 3645 nutem
562 3603 657 3666 poenae
671 3586 865 3654 incurrantur
877 3594 994 3656 tantbm
1009 3597 1048 3659 ob
1061 3597 1144 3662 duet-

181 3679 194 3712 ι
219 3659 283 3720 turn
297 3664 395 3727 stricte
408 3678 575 3750 sumptum.
590 3675 702 3739 scitiaot
713 3687 861 3744 convento
872 3681 951 3754 loco.
965 3691 1101 3768 tempore
1114 3697 1142 3753 et
