2526 3988
420 144 507 192 orara
526 142 659 191 rrarrus.
998 132 1038 194 23

81 261 141 326 mp.
155 240 191 304 Si
202 242 296 306 tamn
310 246 366 320 la,
383 241 418 305 de
431 241 574 305 sententiat
587 260 741 317 excomm..
757 239 790 302 in
804 245 855 320 6⁰,
874 241 927 304 ubi
941 243 1039 324 agitur

82 330 114 392 de
123 329 303 396 malefactore
314 337 402 414 capto
411 332 501 414 quise
510 328 776 394 dioebatolerionm
788 335 817 391 et
825 329 863 392 de
871 349 932 411 quo
940 332 1038 397 adbuc

82 419 392 484 eratinccrtumutrum
404 439 506 484 revera
515 419 674 484 essettalis.
685 419 824 481 Decernit
830 419 965 484 Pontifex
973 442 1039 486 cau·

83 525 140 568 sam
159 509 302 590 pertinens
319 509 358 574 ad
377 510 509 574 tribunal
529 508 792 573 ecclesiasticum:
811 507 889 572 odd
905 511 1038 590 judicem

83 617 96 654 r
116 598 359 678 ecclesiasticum,
374 599 491 683 inquit,
510 597 633 682 quiade
646 616 680 662 re
695 597 895 662 ecclesiastica
907 606 938 663 et
956 603 1040 684 spiri-

84 705 98 742 s
118 686 219 750 tuali...
229 691 363 772 cognitio
377 687 572 772 pertinebit.»

116 777 199 840 5515.
211 811 247 826 -
260 783 293 842 4⁰
309 783 523 842 Potesttamen
536 777 679 842 laicuser
694 777 883 859 delegatione
896 780 927 842 S.
942 781 1040 846 Ponti·

86 860 159 945 licis,
180 885 239 930 non
251 870 324 934 rerd
337 868 459 932 alterius
481 866 646 946 inferioris,
661 867 699 930 de
720 866 820 930 causis
837 867 1041 950 spiritualibus

86 969 116 1016 oo
137 973 221 1020 nosce
269 977 277 1020 ε

117 973 254 1110 {martirii
262 1048 361 1131 prima
368 1067 437 1132 pars
444 1045 617 1131 ereoqudd
626 1048 658 1111 S.
666 1045 803 1110 Pontifex
811 1049 910 1129 potest
917 1046 979 1110 tim
989 1067 1043 1132 per

84 1149 111 1194 se
128 1137 215 1216 qutm
236 1157 291 1221 per
307 1138 418 1217 mium,
434 1138 526 1202 modd
547 1155 609 1202 non
632 1136 671 1200 sit
689 1136 759 1217 J'ure
777 1135 879 1200 divino
897 1137 1039 1220 incapax,

84 1239 252 1372 poposcere
262 1227 302 1291 de
313 1227 455 1331 omnibus
464 1227 562 1292 causis
571 1225 776 1330 spiritualibus
786 1247 794 1287 :
806 1227 888 1309 atqui
900 1227 966 1336 laici
975 1229 1042 1330 talis

85 1323 591 1491 epcpgipptpcrpnppgspngponcapaces
597 1314 788 1397 Juredrvmo,
803 1315 857 1380 sed
869 1317 967 1380 solum
974 1336 1042 1398 Jure

119 1494 249 1560 munda
262 1517 334 1581 pars
346 1503 513 1562 constater
526 1515 564 1560 eo
584 1495 667 1580 qudd
687 1498 768 1578 Papa
786 1495 942 1560 inferiores
955 1497 1042 1560 abro-

85 1599 147 1660 gare
159 1594 309 1668 nequeant
314 1588 364 1668 jus
377 1585 594 1650 senonense
607 1585 822 1663 constitutum,
838 1587 926 1668 quale
940 1593 983 1649 est
993 1587 1044 1666 jus

85 1672 281 1752 pmbibensne
291 1677 358 1740 laici
368 1696 400 1740 se
410 1676 538 1760 negotiis
548 1675 751 1758 spiritualibus
761 1675 1044 1740 immisceanttlide

85 1779 142 1843 cap.
156 1765 344 1829 derernimus
367 1785 458 1850 supra
471 1765 619 1841 relatum;
634 1771 664 1828 et
684 1765 808 1848 insuper
820 1785 890 1849 quae
912 1766 1045 1829 diximus

84 1867 164 1933 supra
174 1857 330 1936 (sas-aro)
344 1874 381 1920 ex
395 1855 510 1920 Bened.
524 1857 601 1920 xlv.

120 1944 287 2026 Immerito,
301 1953 335 2010 ut
355 1945 466 2027 liquet,
483 1963 522 2009 ex
541 1945 714 2026 hujusmodi
734 1943 973 2025 delegationibus
990 1943 1044 2006 ali·

88 2033 223 2112 qmndob
237 2038 273 2099 S.
290 2033 436 2105 Pontibus
453 2035 644 2117 Principibus
660 2033 853 2098 soecularibus
875 2032 1043 2106 concessis,

86 2119 274 2190 deduceretur
297 2123 357 2189 boc
381 2125 439 2190 illis
460 2123 564 2189 deberi
588 2125 656 2205 jure
678 2124 781 2206 regio.
802 2123 893 2186 veluti
916 2121 1046 2186 absurda

83 2209 184 2276 laniunt
197 2215 344 2278 Gallicani
356 2213 709 2298 parlamentarii.—Vide
722 2213 832 2291 Bouix,
847 2213 892 2276 De
905 2211 1044 2293 dediciis,

83 2307 149 2364 loni.
166 2309 180 2366 l
208 2324 242 2386 p.
259 2309 310 2370 81.

481 2435 563 2498 llll.
586 2435 633 2499 ΙΙΙ.

333 2553 373 2601 nr
391 2553 492 2601 causis
513 2555 793 2602 nrrnrnomsnmus.

96 2649 1047 2736 55l6.Duplioisgenerissuntistiusmodioausaenempeproprs'l

80 2741 161 2806 dirtoe
171 2744 203 2806 in
218 2743 330 2825 quibus
342 2741 441 2824 agitur
454 2741 493 2805 de
504 2744 676 2806 contractus
686 2741 913 2805 matrimonialis
927 2743 1045 2820 valore,

79 2831 117 2893 rol
126 2832 293 2913 deiuribus
301 2837 331 2894 et
339 2831 573 2914 obligationibus
584 2849 652 2914 quae
662 2833 679 2894 a
689 2831 854 2894 substantia
863 2832 1046 2894 matrimonii

79 2922 244 2985 necessario
257 2921 444 3004 dependent3
459 2927 491 2986 et
506 2919 670 3004 improprie
686 2920 774 2984 diotre
792 2941 861 3003 qum
881 2921 1048 3004 respiciunt

78 3010 168 3074 sarias
199 3010 406 3074 solemnitates
431 3009 606 3074 substantia
629 3009 813 3074 matrimonii
838 3010 1045 3074 extrinsecas:

77 3117 103 3160 r.
119 3120 149 3180 g.
162 3099 285 3177 dotem,
301 3099 525 3179 haereditatem,
539 3117 684 3183 pompam
701 3100 971 3178 matrimonialem,
987 3105 1045 3162 eto.

115 3193 206 3252 tarr.
218 3223 259 3238 -
272 3194 304 3253 1⁰
320 3189 441 3254 Certum
454 3197 497 3253 est
510 3209 609 3254 conans
622 3209 718 3253 manes
736 3187 965 3252 matrimoniales
977 3207 1047 3270 pro·

75 3278 140 3360 prid
160 3277 273 3359 dictos,
293 3281 322 3342 si
336 3279 371 3342 de
387 3278 521 3362 fidelium
538 3279 737 3342 nmtrtmont'is
757 3289 876 3361 agatur,
891 3276 931 3339 ad
950 3277 1047 3360 somne

77 3367 297 3432 eeclesiasticam
311 3366 457 3434 exclusive
468 3369 631 3452 pertinere.
647 3371 820 3433 constater
834 3367 948 3431 Concil.
963 3367 1044 3430 Trid.

78 3459 159 3532 (sess.
176 3462 225 3536 at,
241 3477 311 3522 can.
327 3463 393 3536 l2):
413 3481 430 3518 r
445 3459 475 3522 Si
490 3459 559 3542 quis
571 3459 680 3522 dixerit
693 3477 799 3522 causas
813 3457 1047 3522 matrimoniales

80 3567 92 3604 ι
117 3567 180 3610 non
199 3555 333 3632 spectare
351 3549 389 3612 ad
406 3547 522 3630 judicos
542 3547 774 3625 ecclesiasticos,
790 3545 948 3611 anatliema
965 3546 1013 3609 sit.
1029 3567 1044 3605 a
