2462 3984
448 295 536 344 umen
555 296 687 346 manna.
1001 281 1057 347 tta

73 399 215 463 medinm
233 397 508 464 extraordinarium
529 418 590 481 quo
612 401 656 464 uti
677 402 765 466 canu
786 401 877 467 dehet
897 399 1008 484 judex,
1028 409 1057 465 et

74 489 199 550 nonnisi
214 488 369 552 rarissime
382 489 467 567 juxta
486 489 668 552 canonistas.
688 491 867 555 Remedium
890 492 962 554 uero
975 490 1057 554 ordi-

74 579 199 658 narium
214 584 261 640 est
274 577 434 660 repetitio,
453 595 523 659 quae
540 583 642 640 tamen
656 578 753 644 omitti
775 587 872 662 potest
886 580 1008 662 quando
1024 579 1059 642 tit

76 665 295 728 controntatio
312 667 436 746 (Bonis,
452 665 623 743 deludio,
637 673 712 730 tom.
728 671 765 746 2,
781 686 813 751 p.
828 667 898 748 tul,
914 672 998 748 222.)

117 759 210 819 titio.
227 790 267 803 —
280 757 356 818 VIII.
372 755 417 819 De
426 773 561 840 processu
580 755 738 837 defectivo.
753 759 809 820 Ius
824 757 914 821 habet
932 775 1003 820 reus
1025 764 1059 820 ut

76 843 170 924 judex
195 843 300 908 audiat
323 861 410 907 snam
431 843 639 908 defensionem
650 872 660 923 5
687 843 726 907 ad
750 863 843 924 quam
865 844 909 909 sic
935 845 1059 928 procedi

76 932 181 997 debet.

117 1022 227 1086 Perse
239 1021 542 1106 velperadvocatum
556 1041 627 1086 reus
643 1022 822 1106 scripturam
836 1023 1017 1102 concinnat,
1027 1023 1060 1087 in

76 1115 140 1194 qua
162 1111 304 1175 enuntiat
326 1113 407 1176 varia
426 1113 525 1195 capito
547 1129 584 1175 ex
608 1112 720 1196 quibus
743 1130 830 1176 suam
852 1111 1061 1176 innocentiam

77 1199 199 1262 ostendi
219 1199 376 1264 contendit
393 1207 422 1264 et
436 1201 560 1264 idoneas
577 1201 770 1282 probationes
789 1219 821 1263 se
839 1200 1059 1283 producturum

78 1290 245 1372 promittit3
257 1289 723 1371 scripturnmhauctraditjndici.
737 1289 939 1354 Articuliverd
948 1290 1060 1372 quibus

79 1387 201 1450 uinstat
214 1385 360 1442 vocantur
377 1377 547 1460 deseusort'i.
563 1380 622 1441 Pro
641 1377 737 1442 iormt
751 1379 783 1442 in
801 1397 838 1442 eo
850 1379 1058 1458 observanda,

79 1467 149 1530 vide
163 1467 390 1530 Formuiarium
403 1470 439 1529 Ι).
457 1467 571 1540 Bouill,
587 1486 618 1549 p.
635 1471 704 1530 579.

120 1557 294 1620 Constituto
308 1575 380 1638 ergo
393 1555 457 1634 die,
473 1575 544 1620 reus
557 1555 647 1618 debet
660 1556 827 1640 producere
841 1576 913 1621 auos
925 1563 1016 1622 testes
1030 1562 1060 1620 et

78 1647 139 1710 alia
152 1646 353 1721 documenta;
369 1651 470 1722 testes,
485 1644 584 1708 delato
597 1646 668 1728 ipsis
682 1646 767 1729 prius
778 1649 963 1728 juramento,
974 1665 1060 1710 more

79 1741 233 1798 consueto
246 1736 468 1798 examinantur.

121 1823 310 1888 Examinatis
330 1823 474 1902 testibus,
497 1821 689 1888 documentis
715 1829 747 1889 et
767 1825 910 1889 omnibus
930 1844 1000 1908 quae
1023 1843 1060 1889 ex

85 1915 214 1996 utraque
227 1920 310 1996 parte
323 1911 532 1995 proteruntur,
549 1912 612 1976 lieri
632 1919 730 1996 potest
743 1917 902 1998 processus
915 1914 1059 1978 delensivi

86 2003 264 2084 plublicatio,
277 2021 348 2086 quae
360 2007 462 2066 tamen
478 2010 597 2066 nonest
611 2003 789 2066 necessaria.

128 2093 252 2166 Quando
279 2110 351 2154 reus
376 2090 450 2154 nihil
473 2109 586 2154 novum
611 2091 699 2154 habet
721 2092 759 2153 ad
782 2091 829 2154 sni
851 2091 1060 2157 defensionem

80 2179 332 2264 producendam,
348 2187 447 2264 partes
466 2180 595 2242 citantur
612 2179 650 2243 ad
666 2181 845 2244 sententiam
859 2179 1059 2261 definitionum

79 2277 360 2334 monenturtamen
373 2269 404 2331 in
417 2270 538 2332 decreto
551 2269 700 2332 citationis
710 2277 742 2334 ut
756 2271 877 2334 veniant
888 2289 959 2333 cum
969 2271 1058 2335 advo-

78 2361 158 2423 catis
181 2361 234 2443 qui
258 2359 365 2423 merita
384 2377 482 2422 causae
501 2363 572 2421 ante
594 2360 750 2422 sententiae
772 2360 971 2443 prolationem
994 2361 1060 2424 dis-

78 2451 211 2514 cutiant.
472 2491 474 2496 -

123 2543 218 2603 aaut.
240 2540 295 2602 Die
312 2537 478 2620 assignato,
493 2537 614 2602 auditur
634 2537 733 2621 primd
746 2537 907 2600 advocatus
927 2538 989 2615 rei,
1014 2539 1060 2601 uel

79 2633 149 2714 ipse
177 2648 247 2692 reus
270 2629 295 2691 si
315 2627 386 2690 velit
403 2625 499 2690 audiri
521 2644 530 2690 τ
550 2632 654 2709 postea
672 2627 795 2690 auditur
817 2629 976 2690 Promotor
996 2628 1060 2690 Fis-

79 2721 160 2784 calis
173 2718 218 2782 vel
228 2717 389 2780 advocatus
400 2719 580 2780 accusatoris
590 2719 613 2779 si
625 2735 679 2798 per
690 2717 769 2779 viam
781 2717 981 2806 apcusstionis
993 2735 1061 2798 pro-

80 2809 231 2884 cedatur3
247 2815 321 2869 tuno
338 2805 481 2868 advocato
501 2806 544 2868 rei
567 2805 742 2868 conceditur
764 2807 918 2888 replicatio
938 2813 968 2868 et
987 2810 1059 2870 Pro-

81 2898 195 2960 motori
211 2897 321 2978 pariter
334 2894 487 2976 replicatio
498 2894 535 2957 ad
551 2895 795 2976 replicationem,
811 2903 840 2958 et
854 2896 897 2958 sic
917 2895 1060 2980 deinceps

82 3005 183 3066 usque
199 2985 238 3047 ad
259 3001 421 3046 numerum
436 3002 491 3064 per
511 2983 621 3065 stylum
639 2985 731 3046 curiae
749 2984 1004 3065 determinatum,
1020 2989 1059 3048 ita

82 3083 118 3138 ut
132 3081 235 3138 tamen
249 3091 370 3154 semper
384 3073 491 3136 ultimo
507 3071 573 3136 loco
586 3073 724 3136 audiatur
737 3073 876 3136 defensor
890 3075 946 3137 rei.

129 3186 146 3224 c
166 3167 239 3228 Jure
249 3163 338 3238 civili,
351 3163 391 3225 ait
401 3161 503 3224 Devoti
518 3161 691 3240 (Delium,
703 3164 748 3224 tit.
762 3164 837 3244 t0,§
848 3168 907 3241 lt),
917 3163 1060 3228 delinitus

79 3276 96 3313 a
124 3253 214 3333 (non)
236 3259 282 3315 est
302 3250 411 3314 modus
433 3249 644 3312 defensionum
664 3269 733 3334 quae
753 3253 792 3314 ab
808 3258 910 3313 actore
928 3258 957 3314 et
977 3255 1060 3315 areo

78 3365 96 3404 n
124 3349 349 3422 proponuntur.
365 3339 425 3408 Sed
439 3340 470 3401 in
484 3337 549 3402 loro
561 3340 762 3404 ecclesiastico
772 3340 819 3402 hae
829 3340 1058 3421 duplicationes,

81 3453 98 3492 o
123 3431 401 3511 triplicationesque
423 3447 484 3490 non
500 3427 653 3505 obtinent;
675 3431 780 3492 verirm
799 3427 892 3508 judex
910 3447 947 3491 ex
961 3429 1059 3495 otiicio

81 3542 99 3581 a
124 3519 163 3582 iis
176 3519 302 3582 modum
317 3517 469 3580 constituit
483 3523 513 3578 et
524 3535 648 3580 eausam
662 3516 780 3579 delinit.
795 3540 811 3576 »

124 3609 180 3670 llis
190 3615 291 3671 autem
306 3607 389 3687 loqui
402 3606 627 3685 desinentibus,
637 3603 729 3684 judex
739 3605 923 3668 definitivam
934 3617 1060 3672 senten·

83 3697 159 3761 dam
176 3695 362 3776 pronuntiat.
