2452 3984
153 305 213 372 tot
374 315 510 362 uisurus
530 310 733 358 rorrusuurus
754 305 901 354 eunomus.

154 445 168 480 u
193 419 297 500 gratie
310 415 402 498 gratis
421 413 516 490 datae,
533 401 692 492 operatur,
715 406 815 488 inquit
833 403 886 468 Del
910 402 966 464 llio
981 399 1113 482 (Disperii.

154 531 170 569 n
195 507 336 588 magice,
352 504 405 565 lib.
422 507 461 579 2,
477 521 509 582 q.
524 503 573 579 ⁰2),
588 497 638 560 ille
651 495 689 560 ad
703 502 819 558 certum
837 499 978 574 tempus,
994 489 1116 553 occasio

154 622 169 656 u
194 613 265 658 nem
298 599 350 656 aut
363 589 560 654 ceremonias
573 593 669 649 certas
688 603 749 647 non
761 583 1014 664 restringitur‚ut
1030 577 1118 641 solent

155 705 170 748 a
195 685 294 765 magi,
316 681 368 763 qui
392 681 416 742 si
441 677 487 742 vel
510 678 541 738 in
562 675 690 738 minimo
712 671 858 736 deliniant
884 669 962 739 nibil·
982 667 1117 732 efficiunt.

107 789 109 796 ·
156 796 169 833 a
196 775 258 834 Nec
276 770 366 833 etiam
388 765 561 848 hujusmodi
584 765 637 826 Dei
661 763 742 826 dona
760 753 889 842 gratuita
900 763 1027 841 possunt
1043 753 1117 830 aliis,

138 903 142 912 ·
156 884 170 923 u
196 879 252 944 per
264 858 429 941 disciplinae
440 875 475 918 ac
488 860 708 936 praeceptorum
724 849 849 912 modum
862 846 939 910 tradi
952 865 960 908 ι
971 845 1050 926 magi
1057 844 1120 906 verb

158 971 171 1014 a
197 951 259 1013 suis
273 947 428 1029 discipulis
441 945 520 1006 hanc
534 939 684 1023 magicam
702 946 799 1002 artem
812 937 949 1014 tradunt;
965 943 996 999 et
1011 933 1119 997 audito·

157 1062 172 1098 c
197 1057 266 1116 res,
283 1037 495 1118 magistrorum
509 1031 602 1096 secuti
618 1036 786 1112 precepta,
801 1046 870 1109 quaa
880 1023 1015 1108 magistri
1024 1021 1122 1088 eadem

157 1149 173 1188 u
198 1133 371 1209 operantur.
387 1146 403 1182 a
421 1125 505 1201 (lieu.
520 1120 568 1184 dea
580 1121 701 1184 scientes
718 1116 828 1192 eccles,
845 1125 879 1180 n⁰
893 1119 931 1191 5,
948 1133 978 1196 p.
997 1114 1075 1190 aar.)
1088 1143 1122 1160 η·

158 1215 259 1298 Nigro
281 1213 353 1275 verb
376 1231 434 1294 ope
454 1209 602 1273 daemonis
622 1206 770 1290 stupenda
793 1211 824 1268 et
851 1203 969 1268 insolita
992 1201 1121 1288 peragit:

158 1303 286 1384 ideoque
299 1308 421 1364 vocatur
435 1297 580 1362 diabolico
594 1303 646 1360 ant
660 1295 835 1378 simpliciter
848 1292 958 1375 mugio.
1175 1345 1178 1352 ,

93 1461 96 1466 ,
198 1393 288 1453 6236.
310 1389 409 1469 Magia
431 1386 596 1464 diabolica,
619 1385 678 1448 alia
699 1391 744 1447 est
763 1383 943 1462 divinatrix,
968 1399 1039 1464 quae
1063 1379 1126 1444 ideo

158 1485 280 1542 vocatur
294 1473 459 1554 diuinatio,
481 1478 602 1558 queque
625 1473 820 1556 propalantur
838 1489 886 1534 res
904 1472 1051 1548 oecultae,
1071 1471 1125 1532 sire

158 1567 336 1649 praeteritas,
351 1564 412 1628 sive
427 1570 590 1646 praesentes
603 1563 665 1626 sive
679 1560 787 1624 luturae
801 1578 869 1643 quae
881 1559 1017 1622 bumana
1031 1557 1126 1621 medio

158 1655 295 1736 dignosci
310 1660 486 1735 nequeunt;
503 1651 560 1714 alia
574 1652 645 1715 verb
658 1657 705 1714 est
720 1648 874 1733 operatrix
887 1651 947 1732 qut
961 1648 1126 1731 producun-

160 1749 208 1806 tur
222 1743 271 1806 alii
287 1741 411 1806 effectus
424 1742 574 1804 humanas
586 1741 664 1804 vires
677 1739 866 1802 excedentes

199 1835 289 1894 6231.
312 1830 409 1894 Variis
439 1830 616 1893 nominibus
643 1835 835 1910 nuncupatur
862 1824 1019 1889 Divinatio
1045 1834 1128 1910 prout

159 1917 239 1984 uaria
253 1928 322 1984 sunt
335 1919 434 1982 medie
448 1939 516 2002 quee
530 1918 710 1981 adhibentur
723 1915 761 1978 ad
774 1913 956 1997 detegendas
970 1933 1020 1978 res
1031 1915 1126 1980 oocnl-

159 2019 203 2072 tas
215 2029 222 2070 ε
234 2009 354 2072 sienim
366 2008 590 2089 diabolusipse,
602 2007 633 2068 in
646 2005 743 2068 lormb
755 2003 876 2082 visibili,
892 2004 957 2067 illas
971 2023 1022 2067 res
1035 2005 1129 2068 oecul-

159 2107 203 2162 tas
217 2099 368 2182 propalet,
392 2104 515 2161 vocatur
531 2095 749 2178 prestigium
768 2093 793 2155 si
816 2093 867 2156 liat
888 2094 1057 2176 propalatio
1080 2113 1129 2177 per

159 2195 350 2250 mortuorum
365 2187 595 2267 apparitionem,
611 2183 722 2246 dicitur
733 2181 954 2252 necromantia:
972 2184 998 2245 si
1014 2203 1068 2265 per
1077 2183 1128 2246 bo-

160 2277 258 2338 mines
279 2276 381 2348 virne,
403 2273 513 2334 dicitur
535 2272 600 2333 lieri
624 2291 678 2353 per
697 2272 866 2354 pythones:
887 2271 911 2333 si
933 2289 989 2353 per
1004 2273 1128 2355 liguram

159 2364 192 2424 in
219 2366 314 2445 aqud,
340 2367 462 2424 vocatur
480 2359 711 2443 hydromantia:
733 2361 898 2442 geomantic
922 2362 1015 2441 verb,
1040 2365 1131 2446 siper

159 2451 378 2534 inspectionem
388 2450 523 2532 eorporis
537 2449 697 2528 terrestris,
706 2469 734 2512 v.
746 2469 776 2531 g.
790 2448 906 2530 lapidis,
920 2452 1047 2532 speculi,
1059 2461 1128 2528 etc.;

158 2540 371 2618 cbimmcntio,
395 2539 420 2600 si
443 2557 497 2620 per
514 2538 600 2620 signa
623 2557 788 2616 manuum3
813 2541 1023 2621 pyromantia,
1040 2542 1129 2624 siper

158 2630 348 2710 appetentias
381 2627 413 2689 in
440 2629 542 2709 igne;
571 2628 751 2711 auspicium
782 2628 808 2690 si
838 2646 892 2710 per
922 2629 1038 2692 viscera
1066 2631 1128 2706 ani·

159 2717 285 2779 mallum
299 2717 471 2798 contingam
493 2717 653 2796 menium,
677 2716 702 2779 si
724 2735 779 2799 per
797 2715 893 2795 idola;
918 2717 1091 2802 astrologia,
1106 2720 1129 2782 si

158 2804 211 2866 liat
220 2823 274 2885 per
283 2805 357 2867 situs
367 2811 396 2867 et
410 2811 511 2868 motus
520 2811 685 2882 astrorum;
700 2805 861 2890 auspicium
877 2806 967 2888 siper
981 2807 1069 2890 signa
1083 2827 1129 2872 ro

158 2891 297 2969 lucrum3
312 2893 490 2974 angurium,
506 2895 530 2955 si
545 2913 600 2977 per
614 2895 701 2976 signa
712 2895 911 2972 animalium;
928 2915 1022 2973 omen,
1038 2899 1063 2960 si
1078 2916 1129 2981 per

158 2999 283 3060 casum,
298 3001 326 3044 v.
350 3001 380 3063 g.
406 3001 460 3064 per
473 3001 635 3046 occursum
657 2983 793 3058 funeris;
816 2983 1021 3066 sortilegium,
1037 2988 1062 3051 si
1077 3007 1129 3070 per

158 3077 279 3135 sortem.
297 3071 339 3150 (S.
358 3069 493 3152 biguor,
509 3071 560 3134 lib.
577 3075 616 3147 3,
634 3081 667 3135 n⁰
682 3074 726 3155 6.)

199 3163 288 3223 6238.
311 3159 453 3224 Similiter
463 3161 562 3243 inopia
571 3163 741 3244 operatrix,
753 3161 799 3226 vel
808 3168 964 3227 exercetur
975 3170 1011 3228 ut
1024 3173 1130 3230 noceat

158 3263 188 3312 et
202 3255 324 3313 vocatur
335 3247 533 3332 centensium
546 3251 592 3312 vel
608 3259 641 3314 ut
653 3251 766 3332 prosit,
779 3259 809 3314 et
822 3255 987 3334 generatim
1002 3255 1021 3318 a
1035 3257 1127 3338 pluri·

159 3337 215 3400 bus
225 3345 347 3402 vocatur
360 3357 436 3400 uena
446 3338 649 3416 obseruantia,
664 3340 717 3402 sed
730 3341 811 3404 varia
824 3342 916 3404 etiam
927 3344 1056 3408 nomina
1068 3363 1129 3408 sor·

159 3425 247 3504 titur,
262 3432 353 3507 prout
365 3426 396 3488 in
410 3429 445 3490 eb
459 3426 575 3490 diverse
588 3427 769 3493 adhibentur
783 3429 893 3494 media.

199 3512 379 3577 Maleficium
402 3521 447 3577 est
464 3519 516 3578 aut
534 3517 788 3601 cinctoriumque
811 3520 879 3601 quis
903 3521 1077 3586 incenditur
1098 3524 1128 3586 in

160 3599 286 3678 alicujus
296 3601 500 3665 detemrinatae
510 3623 647 3686 personae
659 3624 794 3670 amorem
803 3609 850 3670 vel
863 3610 982 3688 odium,
993 3613 1080 3693 quod
1091 3613 1129 3674 ita

160 3683 194 3746 lrt
208 3689 310 3748 tamen
323 3691 399 3768 quin
411 3691 549 3755 uoluntas
562 3696 581 3754 b
592 3691 732 3758 daenlone
746 3699 957 3778 necessitetur,
971 3700 1026 3762 sed
1036 3701 1128 3763 libera
