2452 3984
402 257 487 303 ursan
508 255 638 301 isaurus.
950 237 1004 297 alr

65 373 93 416 ue
102 355 239 419 vendatur
250 355 343 418 oleum
354 354 547 418 benedictum
561 355 632 417 etS.
649 353 795 431 chrisma,
808 353 898 416 etiam
909 352 1009 435 quoad

63 445 218 522 materiam,
239 444 279 506 ob
304 444 472 527 periculum
496 445 528 505 in
550 443 601 505 tali
623 441 795 505 venditione
818 443 943 508 insitum
971 461 1010 506 ne

11 547 13 552 ·
63 532 118 594 ratio
128 532 272 596 habeatur
285 531 558 596 consecrationisin
568 531 764 594 aestimatione
775 531 861 611 pretii
872 533 949 614 (cap.
960 533 1008 594 En

11 685 12 688 ,
61 637 110 698 quc
122 623 168 700 ld,
183 621 218 684 de
230 621 372 697 simonid;
386 628 416 684 et
427 639 496 684 can.
512 619 632 683 Placuit
647 622 715 694 lua,
730 636 820 682 causa
835 623 865 698 l,
879 639 913 702 q.
929 623 1010 700 l).-

63 707 117 769 ltem
138 715 253 772 vetatur
271 709 384 791 aliquid
406 709 542 791 accipere
562 709 653 772 etiam
675 712 783 789 sponte
805 706 938 771 oblatum
955 728 1011 793 pro

61 791 177 860 examine
196 797 235 860 ad
257 798 442 881 parochiales
454 797 598 860 eeclesias
610 795 734 876 (Concil.
750 794 831 858 trid.
846 841 854 874 ,
870 815 942 860 sess.
959 804 1006 870 24,

60 901 80 944 e.
94 888 135 962 l8,
150 885 279 967 dcccli).

89 976 168 1037 tito.
187 976 314 1049 Oderit.
330 977 362 1038 7⁰
381 975 513 1050 Qualiter
530 975 678 1038 committi
700 976 793 1057 possit
810 975 940 1040 simonia
957 995 1011 1059 pro

60 1061 176 1142 ingressu
190 1065 221 1126 in
235 1065 438 1148 religionem?

87 1155 168 1234 ltesp.
185 1154 309 1216 Certum
318 1163 363 1218 est
376 1175 442 1220 esse
456 1154 615 1220 simoniam
626 1155 738 1237 aliquid
748 1155 820 1219 dare
834 1161 863 1218 et
877 1155 1011 1238 accipere

59 1260 99 1320 pro
110 1243 243 1324 ingressu
255 1246 286 1306 in
297 1247 511 1308 monasterium
520 1249 596 1329 (cap.
606 1245 792 1328 Ouompiot,
802 1265 891 1309 eausa
900 1249 911 1307 l
921 1266 966 1328 ,q.
979 1253 1009 1326 23

58 1353 108 1415 cap.
122 1335 189 1397 Non
199 1335 296 1410 sutis,
312 1343 340 1398 et
349 1354 416 1418 cap.
428 1333 561 1415 Veniens,
572 1335 607 1398 de
618 1335 765 1415 simonia),
780 1334 924 1418 quiahoc
934 1347 1010 1402 esset

58 1425 168 1486 rendere
181 1426 298 1487 Staium
312 1424 497 1505 religiosum.

87 1517 168 1576 dl'll.
192 1514 250 1576 Sed
262 1515 387 1596 quaestio
400 1521 445 1578 est
454 1535 493 1578 an
507 1514 596 1579 liceat
607 1515 720 1598 aliquid
733 1516 867 1598 accipere
878 1537 934 1600 pro
948 1537 1011 1581 sus·

56 1603 202 1665 tentatione
214 1603 377 1684 ingressuri
392 1622 401 1666 ε
425 1605 515 1688 porro
527 1611 644 1668 eertum
665 1613 732 1668 est:
754 1610 783 1668 l⁰
798 1625 884 1687 posse
898 1607 1010 1689 aliquid

56 1691 131 1772 recipi
153 1711 207 1774 pro
231 1693 382 1755 alimentis
402 1697 539 1775 tempore
564 1693 722 1757 novitiatds
742 1693 847 1770 (Trid.‚
869 1715 942 1758 sess.
958 1701 1008 1774 25,

56 1797 77 1839 c.
92 1785 136 1850 lo,
151 1781 186 1844 da
201 1783 289 1863 rep).
302 1784 334 1842 2⁰
346 1782 469 1845 Certum
482 1789 528 1844 est
539 1799 628 1864 posse
640 1782 754 1864 aliquid
769 1783 862 1864 recipi
877 1803 932 1866 pro
948 1803 1011 1848 sus·

56 1872 202 1932 tentatione
221 1869 402 1951 professori,
424 1870 449 1933 si
473 1871 689 1934 monasterium
712 1870 749 1932 sit
770 1871 875 1951 inops,
894 1872 966 1952 quia
979 1873 1010 1935 iu

57 1955 100 2020 ine
124 1978 195 2022 casu
216 1959 408 2040 recipiendus
426 1960 544 2022 nullum
563 1967 609 2023 est
627 1959 782 2038 habiturus
802 1961 851 2036 J'us
871 1959 909 2021 ad
932 1961 1011 2025 bona

54 2065 110 2125 quae
132 2049 348 2110 monasterium
367 2066 430 2112 non
447 2048 553 2110 hehet:
570 2048 843 2124 itacommuniter3
859 2055 888 2110 et
902 2047 1010 2112 adhoc

55 2153 105 2198 nou
117 2137 279 2218 requiritur
292 2142 372 2200 areta
386 2139 567 2214 necessitas,
589 2135 643 2198 sed
660 2135 769 2198 suffieit
786 2136 868 2217 qudd
888 2155 1011 2200 monas·

53 2225 149 2288 terium
167 2245 230 2290 non
250 2226 344 2308 possit
361 2225 434 2288 alias
455 2224 615 2288 commode
635 2223 778 2287 alimenta
791 2225 1011 2306 postulantibus

52 2314 240 2394 suppeditare.
261 2317 294 2379 ³⁰
317 2314 439 2384 Certum
462 2320 507 2376 ast
527 2332 615 2396 posse
636 2312 751 2395 aliquid
772 2313 866 2396 recipi
888 2315 913 2377 si
934 2315 1010 2379 reci-

51 2403 169 2479 piendus
182 2403 221 2465 sit
234 2402 373 2465 infirmus
385 2420 511 2480 ‚senex‚
525 2402 629 2465 tardus
643 2403 781 2484 ingenio,
797 2409 868 2480 eto,
879 2404 911 2464 in
926 2423 1010 2467 com-

51 2494 249 2568 peremtionem
279 2509 389 2573 nempe
419 2489 603 2554 incommodi
631 2489 804 2570 temporalis
834 2491 916 2572 quod
938 2499 1011 2556 tune

11 2605 13 2608 ·
49 2578 820 2658 subiturumestmonasterium,velservitutisquam
835 2579 1011 2643 aliussanus

12 2747 13 2752 ἵ
49 2669 89 2730 rel
97 2670 215 2749 juvenis
224 2671 373 2751 praestitus
381 2668 499 2732 fuisset:
511 2669 551 2730 its
562 2686 679 2730 omnes
695 2671 728 2727 4⁰
738 2668 857 2728 Certum
868 2673 913 2730 est
924 2688 1011 2751 posse

48 2757 153 2840 aliquid
176 2759 308 2842 accipit
333 2757 522 2821 monasteriis
542 2755 735 2834 monialium,
757 2773 794 2818 ex
816 2759 1011 2822 concessione

11 2907 12 2928 3
49 2847 481 2930 Clern.Vlll,quiamonasterio
491 2847 668 2909 monialium
678 2845 793 2908 laeiliirs
803 2845 1011 2912 suntobnoxia

48 2935 162 3001 diversis
187 2937 359 3000 infortuniis
384 2941 419 2998 nt
444 2935 627 3017 experientia
657 2941 783 2998 constat.
812 2937 845 3000 S.
873 2937 1009 3018 Liguor.,

47 3027 94 3086 lib.
106 3029 134 3100 3,
151 3037 185 3090 n⁰
200 3031 250 3102 92,
265 3026 297 3089 io
309 3025 380 3109 fiac.
390 3023 467 3086 Vide
480 3023 658 3105 diotasupra
667 3025 768 3104 (2733,
778 3027 866 3104 2734)
880 3029 926 3094 ,5⁰
935 3027 1012 3088 Dieit

51 3113 192 3180 tteiffenst
207 3116 274 3199 (lib.
290 3119 322 3193 5,
336 3116 381 3177 tit.
397 3117 431 3187 3,
447 3111 634 3190 desiccato,
650 3117 684 3174 n⁰
698 3116 770 3194 183)
786 3132 875 3196 posse
892 3133 1011 3194 aregu-

49 3221 61 3258 ·
83 3203 156 3268 lares
177 3207 241 3267 tam
259 3203 315 3266 viri
340 3204 431 3285 quam
454 3199 596 3264 mulieres
615 3202 792 3283 quorumvis
819 3203 1012 3264 monasterio-

50 3309 60 3345 r
82 3310 166 3373 rum,
182 3294 273 3356 etiam
288 3291 434 3370 divitum,
448 3307 519 3353 oum
534 3290 709 3372 parentibus
721 3290 830 3373 pacisci
844 3296 874 3352 et
892 3289 1012 3370 exigere

46 3398 60 3432 ο
81 3388 193 3444 certam
214 3381 411 3464 quantitatem
424 3378 640 3463 pecuniarum,
654 3381 701 3443 vel
718 3379 846 3443 eliorum
860 3379 1012 3442 bonorum

45 3485 60 3522 a
79 3469 309 3552 temporalium,
325 3467 382 3532 sub
399 3467 571 3530 conditione
584 3473 618 3530 ut
631 3475 768 3550 suscepta
782 3468 821 3530 ad
835 3467 1012 3550 religionem

45 3575 59 3611 s
80 3564 109 3619 et
131 3559 266 3641 professa
279 3574 409 3641 persona
428 3555 512 3620 omni
527 3555 596 3636 jure
612 3553 808 3633 haereditatis,
824 3557 870 3619 vel
892 3557 1013 3623 alterius

46 3665 59 3702 r
77 3645 166 3724 justa
177 3643 572 3732 pratentionistenporelis,
587 3643 748 3708 renuntiat.
758 3643 970 3720 Reticestouia
983 3649 1012 3709 in
