2462 3984
363 186 449 234 crem
469 185 600 234 rannus.
909 171 966 234 151

68 293 142 351 5956.
151 285 323 350 Adualorem
335 289 435 349 autem
445 285 599 348 sententiar
609 283 639 346 in
651 302 793 366 processu
801 285 967 370 ordinario,

37 378 172 458 requiritur
185 381 215 439 1ο
228 382 259 440 ut
275 375 365 456 judex
386 373 468 437 ittam
487 374 662 456 pronuntiet
683 374 790 437 sedens
807 395 863 459 pro
876 378 967 442 tribu·

37 467 81 526 nati
96 487 102 526 :
118 485 177 548 cap.
197 466 248 530 uti.
268 464 303 528 de
314 472 387 529 arnt.
402 472 432 528 et
453 461 576 545 reject,
593 462 624 524 in
638 465 682 540 6⁰3
698 481 785 527 secus
798 472 843 528 est
856 465 887 529 in
901 485 967 550 pro

34 573 102 618 ressu
114 556 266 618 summario
281 553 386 636 (Gtem.
403 551 490 636 Scepe
503 555 533 622 2.
549 551 583 614 de
595 551 674 614 vert.
685 552 788 639 ripn).

64 648 91 705 2⁰
103 645 261 727 Requiritur
269 651 302 708 ut
310 644 458 707 sententia
467 641 506 704 sit
512 641 630 723 scriptis
640 642 754 722 prolata
764 639 843 726 (cap.
856 646 928 710 Etsi
935 651 966 724 5,

34 733 174 796 maturent.
189 743 257 797 etre
264 733 376 817 judic,
389 733 421 796 in
436 731 498 816 6⁰):
514 731 618 812 excipe
632 735 664 792 t⁰
677 732 702 794 si
716 733 734 794 a
750 733 829 815 Papt
842 734 967 812 seratum

34 827 59 882 2⁰
69 825 88 884 si
96 823 332 887 ousasitleuioris
340 821 487 886 momenti
498 839 507 898 ;
518 822 553 882 3⁰
561 819 586 882 si
601 819 640 882 sit
650 839 686 884 ex
702 823 840 901 notorio;
855 826 968 888 rosisti

33 911 238 993 interlocutorio,
254 931 323 996 que
342 917 445 975 tamen
459 911 476 973 a
492 908 609 972 notario
622 909 812 992 inscriptum
830 919 876 976 est
893 913 969 977 refe-

34 1001 114 1067 reuda

62 1105 88 1164 3⁰
97 1106 129 1169 [it
141 1106 257 1189 proprio
263 1103 377 1187 judicis
387 1121 440 1167 ore
455 1101 677 1187 pronuntietur.
694 1105 737 1166 lto
751 1103 971 1188 Schmolzgrue

33 1191 246 1348 pnrpddupimsstpppx
263 1192 332 1278 (it,
347 1213 379 1276 p.
394 1196 453 1256 932
468 1199 499 1256 et
511 1191 595 1276 933).
612 1192 687 1256 Vide
699 1199 802 1258 temen
816 1213 883 1280 cap.
898 1197 971 1261 Etsi
1053 1241 1057 1248 -

61 1391 218 1454 suaa-vl.
229 1392 264 1454 In
276 1389 414 1474 quolibet
426 1389 493 1453 ioco
508 1406 570 1452 suae
579 1386 717 1452 dioecesis
728 1434 737 1467 ,
748 1405 844 1471 perse
857 1389 904 1452 uel
917 1409 970 1473 per

34 1475 113 1556 atium,
121 1480 278 1564 Episcopus
287 1485 386 1563 potest
394 1478 472 1542 terre
482 1478 661 1542 sententiam
669 1477 701 1539 in
712 1480 810 1540 causis
823 1479 861 1542 ad
870 1479 970 1543 iorum

34 1583 102 1628 suurn
114 1569 324 1649 pertinentibus
338 1565 417 1651 (cap.
435 1567 509 1636 Cion
520 1566 686 1650 Epr‘acopr'r,
700 1564 737 1630 de
748 1567 847 1651 officio
860 1569 970 1648 ordin,

33 1653 114 1738 inor).

66 1760 120 1824 litas
130 1762 202 1829 terre
213 1763 307 1828 debet
320 1767 483 1844 antequam
496 1759 639 1823 instantia
651 1760 691 1822 sit
704 1767 859 1844 perempte
871 1781 881 1838 ;
897 1764 972 1844 peri-

35 1849 107 1912 mitur
116 1859 208 1918 autem
225 1851 486 1931 instantie,1uxta
498 1848 702 1913 Justinianum
714 1851 782 1928 jus,
796 1850 926 1914 triennio
940 1852 970 1914 in

35 1936 177 2008 ciritihuset
189 1942 317 2007 biennio
330 1941 364 2004 io
377 1937 584 2004 criminalibus
604 1938 690 2016 (Vide
710 1940 802 2002 Gonc.
823 1939 971 2018 Trident,

34 2044 94 2090 sess.
108 2033 155 2112 91,
173 2051 201 2098 c.
224 2032 281 2118 20)
297 2051 307 2109 ;
322 2035 354 2094 et
372 2029 443 2094 huic
462 2027 523 2110 juri
541 2033 587 2090 est
608 2025 771 2089 standum:
793 2027 851 2089 alia
872 2035 973 2091 tamen

35 2115 127 2198 agebat
143 2119 330 2188 consuetudo
351 2119 384 2182 iu
398 2118 491 2181 Gallia
509 2119 594 2198 juxte
616 2115 737 2197 Fteury,
760 2119 795 2178 ut
816 2115 916 2180 uidere
929 2123 973 2180 est

32 2208 94 2286 apud
105 2211 256 2296 Lequeux,
272 2219 310 2274 n⁰
325 2212 398 2273 1281
413 2255 422 2286 ,
437 2208 470 2270 in
483 2205 562 2268 notui.

62 2317 135 2380 5958.
155 2319 227 2381 Item
255 2315 325 2378 illas
337 2313 415 2377 terre
428 2309 519 2374 debet
530 2309 579 2374 dio
593 2316 624 2372 et
634 2308 708 2373 hora
731 2309 762 2371 in
775 2309 917 2373 citatione
930 2329 975 2374 as·

33 2401 141 2485 signatis,
150 2402 471 2490 alioquinnonuolent.
486 2403 701 2464 Potesttamen
714 2415 766 2462 eas
779 2399 810 2462 in
823 2408 976 2464 contuma-

30 2507 68 2554 ees
79 2498 262 2576 pronuntiare
277 2499 346 2578 post
357 2491 523 2556 terminum
533 2490 710 2551 indicatum.

59 2598 185 2665 Fereadoe
198 2599 313 2664 suntin
323 2595 372 2660 die
385 2613 448 2659 non
457 2593 573 2672 feriato,
585 2591 639 2656 etsi
649 2597 748 2674 portes
758 2591 974 2671 consentirent,

30 2685 74 2749 uisi
84 2687 118 2754 dc
129 2689 207 2754 ieriis
219 2687 381 2754 rusticanis
394 2689 548 2767 ageretur,
563 2680 601 2744 de
615 2680 727 2764 quibus
739 2680 806 2744 vide
819 2699 885 2763 cap.
903 2681 978 2748 Con·

30 2785 166 2856 querare,
182 2781 218 2845 de
230 2777 320 2862 seriis
334 2773 459 2858 (Sogtia,
474 2774 549 2836 lert.
558 2771 628 2856 jur.
641 2771 736 2855 pria,
750 2769 768 2853 ἓ
782 2775 841 2835 910
852 2791 860 2848 ;
873 2773 976 2836 Deuoti

31 2865 172 2951 urimo,
186 2871 232 2933 tit.
251 2871 306 2947 10,
317 2866 337 2948 ξ
349 2866 398 2950 6),
412 2869 465 2927 aut
478 2863 535 2925 nisi
549 2862 581 2925 in
601 2880 638 2924 eo
653 2859 860 2946 dispensatum
874 2861 977 2927 ruisset

31 2957 135 3022 —Ferri
146 2959 260 3024 debent
271 2953 413 3031 interdiu,
423 2971 485 3018 non
499 2953 569 3015 vero
578 2951 616 3014 de
624 2958 728 3015 nocte:
741 2971 807 3034 cop.
822 2949 977 3017 Consuluit

31 3047 74 3122 11,
91 3047 122 3111 de
134 3049 236 3134 osfim'o
249 3045 365 3130 judicis
379 3041 517 3126 detepuit.
531 3041 642 3124 Excipe
657 3041 685 3103 ri
704 3040 874 3104 cneorum
892 3041 979 3104 aliter

30 3129 673 3222 induxerit‚uelsiparteanonoontradicant.

60 3242 138 3305 5959.
152 3239 340 3326 Reguluriter
358 3255 420 3300 non
438 3240 483 3300 est
504 3252 626 3298 necesse
641 3233 722 3316 quod
739 3235 833 3316 judex
854 3250 977 3296 caumm

30 3330 230 3415 exprimatque
243 3335 381 3394 mouetur
402 3326 441 3389 ad
460 3323 617 3388 ferendam
639 3325 817 3387 sententiam
842 3319 920 3404 (cap.
941 3321 977 3384 Io

30 3421 149 3496 presenti
167 3425 205 3501 o,
219 3419 255 3486 de
268 3425 399 3496 renunt.;
414 3421 445 3480 et
457 3433 523 3498 cap.
545 3413 705 3490 Stratie,
721 3411 979 3476 dormientem

30 3505 163 3594 itureae).
186 3509 406 3594 Excipiuntur:
423 3509 456 3570 1ο
468 3521 567 3568 ceusae
585 3500 768 3578 criminales,
791 3499 939 3582 imprimis
954 3499 978 3563 si

31 3601 282 3664 excommunicatio
293 3597 406 3662 feratur
421 3612 430 3657 r
443 3611 506 3658 non
519 3597 621 3655 tamen
634 3589 701 3653 haec
718 3587 870 3670 expressio
880 3607 978 3654 caure
