2548 3988
165 131 222 194 362)
382 139 521 188 utrumn
541 143 643 191 tortus
662 145 744 192 turus
765 145 915 194 cartotttttt

161 239 259 306 exire,
286 241 422 320 tempore
444 258 506 322 quo
523 241 624 306 divina
646 244 744 308 officia
764 244 970 327 celebrantur,
991 253 1137 316 tenentur

159 324 276 404 clerici,
291 325 315 387 si
329 325 367 388 sit
379 329 530 408 vitandus,
548 351 619 394 eum
634 333 703 396 licet
716 335 902 398 sacerdotem
925 338 1093 420 expellere,
1109 341 1137 404 si

160 413 274 494 absque
288 415 369 496 gravi
385 417 579 485 incommodo
594 431 733 504 possunt,
747 431 800 486 aut
812 425 836 486 si
851 443 914 488 non
928 433 1071 508 possent,
1084 429 1136 492 do

160 498 232 564 bent
244 503 283 568 ab
293 503 399 568 ciliciis
412 526 545 590 cessare,
558 514 650 574 etiam
659 511 708 577 die
720 512 796 577 testo
808 560 816 592 ,
831 519 861 576 at
874 515 1041 590 celebrans,
1059 536 1133 581 non

160 589 233 654 tium
256 593 395 658 inchoato
417 615 549 678 canone,
564 599 655 664 debet
677 603 800 666 missam
824 601 1021 686 abrumpere,
1037 613 1092 669 aut
1108 609 1136 671 si

159 696 309 744 canonem
330 683 494 764 inchoavit,
517 695 615 768 potest
634 689 759 772 quidem
780 691 903 755 missam
917 695 1076 776 prosequi,
1099 703 1135 760 ut

160 769 353 848 probabiliter
366 779 469 836 tenent
484 777 593 839 Suarez
607 779 699 840 etalii
714 787 820 842 contra
836 781 979 845 Bonacin.
995 789 1027 846 et
1040 784 1135 863 alios,

159 856 211 918 sed
225 860 306 922 exire
317 859 429 926 debent
441 866 541 928 caeteri
558 865 671 946 fideles,
687 868 751 932 solo
770 869 908 932 ministro
922 871 1021 934 missae
1036 892 1135 938 rema·

159 955 266 1024 nente;
290 951 447 1014 celebrans
469 961 544 1018 tunc
565 955 688 1019 missam
712 959 810 1039 pergit
832 960 951 1022 tantum
973 979 1070 1043 usque
1093 964 1134 1025 ad

78 1119 83 1125 .
158 1040 408 1104 communionem
422 1041 577 1116 inclusive,
587 1052 696 1110 caetera
708 1053 811 1110 autem
820 1047 940 1130 perlicit
951 1049 983 1110 in
997 1051 1137 1116 sacristia

157 1125 203 1186 vel
217 1127 276 1190 elio
289 1126 407 1192 decenti
420 1129 498 1194 loco.

203 1224 292 1286 6518.
307 1225 533 1288 Sisecustiatin
543 1231 821 1309 pretnttscastbus,
831 1238 1135 1316 peccaturmortali·

165 1315 1139 1390 ter-,amonnonincun.rnrtnorexcommunicatioldemdi-

162 1401 1139 1489 cerulumprobabilibsdciisquiassistuntcumexcommuni·

162 1509 195 1550 ca
204 1490 240 1551 tis
254 1491 387 1554 vitandis
397 1493 785 1569 oitlenrmissaesacrilrcio,
796 1498 1139 1566 nisiexcusctnecessi·

164 1578 273 1646 tesval
292 1581 430 1661 perviles
445 1584 594 1648 rrrateritc.
611 1585 672 1648 Nec
693 1597 798 1650 autem
818 1589 977 1653 adstantes
989 1591 1140 1656 neccele-

164 1669 1141 1743 bmnstonenturrecedcresialiammissamaudiuntvelcele·

164 1757 959 1850 lrautaccamquamauditexcommunicatus‚quia
969 1786 1033 1832 non
1045 1769 1141 1832 adest

164 1849 413 1914 communicatio
423 1850 701 1918 ineodemdivino.
716 1852 748 1919 S.
760 1853 900 1935 Lignea,
912 1854 968 1920 lib.
982 1856 1047 1919 711⁰
1062 1857 1137 1920 176.

205 1955 295 2018 6629.
320 1954 475 2040 Obligatus
496 1955 535 2020 ad
563 1956 653 2020 borae
681 1973 745 2019 non
776 1953 919 2018 eximitur
948 1953 987 2017 ab
1017 1952 1145 2017 illarum

166 2043 341 2108 recitatione
360 2053 483 2128 propter
508 2043 875 2122 excommunicationem,
898 2043 967 2106 licet
980 2041 1016 2106 ad
1030 2049 1145 2106 easte-

166 2139 272 2195 ncatur
285 2152 324 2198 ox
346 2134 410 2196 solo
423 2134 510 2197 titulo
531 2133 685 2210 beneficii3
707 2139 737 2195 et
759 2133 784 2196 si
799 2132 913 2196 fructus
928 2149 990 2195 uon
1010 2132 1143 2214 recipit,

164 2219 223 2284 hoc
237 2221 374 2302 provenit
387 2241 423 2284 ex
442 2224 497 2286 sut
510 2222 609 2304 culpa.
633 2221 665 2284 Si
680 2229 781 2284 tamen
795 2222 922 2286 omnino
936 2221 1101 2303 privaretur
1124 2223 1143 2285 b

165 2309 334 2388 beneficio,
350 2309 388 2372 ad
400 2310 534 2373 officium
545 2327 606 2372 non
621 2315 774 2373 teneretur
787 2311 904 2373 ratione
917 2309 1067 2373 beneficii.

205 2402 296 2463 6536.
319 2396 1143 2463 Recitanshorasexcommunicatusdicerenondebet:

165 2489 308 2553 Dominus
328 2487 491 2565 vobiscum,
507 2489 560 2554 sed
575 2489 714 2568 Domine,
728 2487 853 2567 excudi,
869 2497 926 2552 etc.
941 2507 948 2549 :
966 2486 1025 2550 boc
1036 2493 1144 2550 tamen

166 2599 228 2642 non
241 2585 320 2644 esset
334 2580 478 2659 mortale,
492 2585 523 2644 et
533 2579 619 2660 iuxta
634 2579 736 2661 plures
749 2596 806 2642 nec
820 2579 911 2640 etiam
926 2576 1042 2640 veniale
1052 2576 1084 2638 iu
1093 2595 1141 2640 re·

165 2670 306 2732 citatione
319 2669 448 2753 privata5
465 2675 542 2733 esset
554 2675 658 2734 tamen
671 2667 787 2731 veniale
801 2667 939 2750 privatim
952 2666 1042 2729 hores
1060 2666 1145 2729 reci·

165 2766 228 2820 tare
250 2777 322 2821 cum
346 2761 429 2822 socio
456 2763 537 2841 (cap.
567 2759 765 2820 Ercommun.
782 2760 831 2833 l'l,
853 2774 943 2819 causa
964 2759 1022 2834 ll,
1043 2775 1075 2838 q.
1095 2757 1143 2833 3).

165 2851 190 2910 N
193 2866 232 2909 on
247 2853 349 2909 autem
362 2855 500 2929 peccaret
509 2846 652 2909 toleratus
661 2847 687 2909 si
697 2845 858 2928 requisitus
869 2849 969 2910 oraret
977 2861 1048 2908 curu
1056 2843 1145 2908 socio

166 2939 213 3018 (S.
229 2937 372 3017 inguen,
387 2935 440 2998 lib.
455 2939 493 3014 t,
509 2943 544 2997 n⁰
558 2939 636 3016 118).

205 3028 296 3088 6631.
318 3057 358 3072 -
380 3026 414 3089 V.
436 3023 525 3088 Nulla
545 3031 591 3088 est
602 3023 742 3088 beneficii
761 3025 981 3106 cujuscumque
1000 3021 1143 3099 collatio,

165 3115 287 3194 electio,
302 3113 509 3193 confirmatio,
524 3119 601 3193 etc,
626 3116 658 3178 in
681 3113 812 3177 levorem
827 3111 1077 3177 excommunicati
1090 3113 1145 3190 (ex

165 3225 240 3288 cap.¹
253 3201 449 3286 postulastis,
469 3203 505 3266 de
522 3204 627 3268 clerico
645 3204 799 3285 excomm.)
814 3204 905 3265 etiam
924 3201 1039 3264 tolerati
1054 3202 1145 3279 juxta

166 3297 312 3358 veriorem
333 3293 513 3358 sententiam
534 3295 577 3374 (S.
598 3293 735 3376 Lignum,
757 3292 809 3356 lib.
828 3296 866 3366 7,
889 3299 923 3354 n⁰
944 3293 1023 3369 181).
1045 3285 1145 3369 ldque

166 3385 234 3446 licet
247 3383 519 3448 excommunicatio
536 3383 707 3466 ignoretur,
721 3381 793 3465 quia
810 3379 979 3463 ignorantia
996 3393 1144 3441 excusare

166 3472 289 3552 quidem
304 3480 401 3554 potest
419 3471 561 3554 tculpt,
585 3472 639 3536 sed
652 3491 716 3536 non
730 3470 850 3554 supplet
867 3467 1021 3532 delectum
1036 3464 1145 3530 condi·

167 3559 256 3620 tionis
270 3561 417 3639 requisita
429 3561 467 3624 ad
476 3561 608 3624 valorem
622 3562 717 3625 actbs.
728 3563 772 3624 lta
780 3551 1143 3639 connuncupatam
