2526 3988
453 297 537 343 arnan
557 298 688 344 rannus.
1008 290 1042 350 67

85 389 117 454 de
129 392 184 473 qua
194 391 328 472 judicare
348 392 436 455 debet
454 394 534 474 (Leg.
552 391 690 475 Quisquis
704 397 739 471 6,
750 412 778 456 c.
796 393 831 457 de
842 395 1042 475 Postulonulo).

84 485 111 542 t·
123 481 291 546 Notabiliter
310 481 546 564 praepotentibus
563 481 672 544 divitiis
685 483 898 548 muneribusve
914 492 965 548 aut
986 485 1045 549 alio

83 569 159 632 titulo
172 589 280 634 munus
294 571 429 634 advocati
443 571 527 634 obire
541 590 602 634 non
623 571 694 634 licet
716 591 755 634 ne
775 589 844 655 pars
857 573 979 637 adversa
993 595 1044 658 op

84 659 216 738 primatus
225 661 279 739 (tit.
290 659 339 722 Ne
350 660 660 723 ls'ceotPotentiorilas
669 660 778 740 tt,ttt›.
788 665 818 740 2,
829 660 1043 746 Cortuosam

82 746 145 808 item
159 747 324 812 litterarum
337 755 368 812 et
378 749 493 830 jurium
507 749 652 832 imperitis
660 751 704 828 (L.
716 749 780 813 Nec
788 759 885 814 roetcr.
903 755 933 828 Ξ,
949 753 993 814 tit.
1010 752 1045 814 de

82 835 279 920 Postulondo):
302 857 366 902 non
375 839 715 919 tamenjurecommuni
725 839 888 921 requiritur
899 848 932 904 ut
940 860 1046 924 appro-

81 921 157 988 batus
170 929 205 990 sit
213 929 266 1011 qui
282 947 398 992 munus
417 928 550 991 advocati
568 947 669 992 coram
685 927 828 991 tribunali
845 928 1045 993 ecclesiastico

81 1013 226 1080 iuncturus
245 1025 311 1081 est:
328 1037 415 1081 secus
428 1037 494 1081 esse
508 1024 608 1101 posset
622 1017 660 1081 de
676 1017 745 1100 June
761 1017 945 1098 particulari.
971 1020 1045 1083 Vide

81 1103 165 1167 Bouix
179 1106 299 1184 (itidem
315 1155 323 1186 ,
339 1127 369 1190 p.
386 1108 471 1189 237).

113 1198 197 1258 5645.
210 1197 524 1270 Querit.b⁰Quaenam
534 1196 810 1260 sintadvocatorum
820 1197 1042 1280 obligationes?

114 1285 198 1366 ttesp.
218 1286 262 1347 nd
285 1293 414 1369 quatuor
435 1287 530 1368 capita
555 1285 657 1349 referri
678 1294 805 1368 possunt
831 1287 1043 1352 advocatorum

82 1370 288 1454 obligationes:
308 1393 418 1458 nempe
432 1375 470 1438 ad
485 1375 640 1438 scientiam
654 1381 892 1459 competentem,
908 1377 946 1440 ad
957 1379 1044 1457 justi-

80 1459 143 1522 tiam
156 1481 264 1542 causae,
281 1464 321 1528 ad
333 1463 506 1528 fidelitatem
520 1464 698 1530 servandam
711 1483 783 1548 erga
796 1465 949 1546 clientem,
965 1473 994 1530 et
1007 1467 1044 1531 ad

82 1547 182 1625 justum
196 1555 340 1635 pretium.

117 1641 145 1700 t·
157 1642 198 1704 lle
212 1643 340 1707 scientia
354 1651 543 1726 competente
565 1644 649 1707 nulla
668 1651 765 1728 potest
785 1663 851 1708 esse
869 1645 1042 1709 difficultas:

83 1730 207 1794 estenim
221 1752 314 1815 grave
327 1740 483 1816 peccatum
500 1735 532 1794 in
547 1752 657 1815 genere
671 1753 744 1814 suo,
760 1733 892 1797 officium
912 1735 1044 1799 advocati

84 1833 209 1885 exercere
222 1823 291 1886 sind
305 1822 464 1886 sufficienti
476 1823 646 1886 idoneitate.

117 1911 199 1973 56l6.
215 1945 254 1958 -
268 1916 303 1974 2⁰
318 1911 485 1975 Advocatus
502 1912 607 1994 nequit
628 1912 685 1975 sub
708 1913 788 1994 gravi
808 1913 960 1995 suscipere
973 1931 1044 1975 cau·

87 2013 140 2057 sam
152 2017 240 2080 quam
253 2001 311 2064 scit
323 2019 389 2064 esse
401 2001 564 2081 injustam3
581 2003 605 2062 si
620 2002 718 2064 sciens
732 2002 790 2063 boc
803 2001 908 2079 iaciat,
923 2001 970 2064 rel
984 2001 1046 2064 cul·

88 2084 204 2163 pabiliter
218 2091 340 2173 ignoret
352 2109 474 2154 causam
487 2107 553 2153 esse
564 2089 717 2168 iniustam,
730 2095 850 2152 tenetur
859 2088 896 2151 ad
905 2107 1045 2171 compen·

86 2174 215 2241 sationem
228 2181 370 2243 omnium
382 2179 566 2242 damnorum
580 2178 651 2242 inde
665 2179 914 2260 consequentium
935 2197 943 2240 :
965 2178 1046 2242 unde

86 2265 149 2342 parti
174 2269 332 2332 contrariae
356 2269 512 2332 restituere
540 2268 629 2331 debet
652 2268 705 2350 qui
731 2267 787 2331 luit
810 2285 901 2331 causa
922 2269 1045 2350 positiva

84 2349 191 2434 damni;
207 2359 281 2421 item
295 2377 350 2422 suo
364 2357 483 2438 clienti,
499 2358 524 2421 si
539 2357 696 2439 ignorabat
708 2376 807 2422 causa>
826 2357 1001 2438 injustitiam
1015 2364 1044 2423 et

84 2440 158 2506 illum
172 2466 231 2511 non
247 2447 415 2512 admonuit.

119 2535 285 2620 Antequam
298 2556 371 2618 ergo
384 2535 583 2619 patrocinium
599 2553 697 2599 causa
710 2535 854 2618 suscipiat
865 2535 1043 2617 advocatus,

84 2625 190 2688 tenetur
203 2627 377 2690 examinare
390 2627 455 2706 ejus
469 2625 641 2708 aequitatem
654 2629 684 2688 et
696 2624 951 2706 probabilitatem,
967 2641 1046 2688 eam·

86 2727 137 2791 que
148 2715 249 2778 clienti
262 2715 539 2778 sincereindicare:
556 2715 581 2777 si
600 2713 683 2776 enim
694 2711 767 2776 salsa
782 2712 980 2795 promissione
1000 2716 1043 2778 vel

86 2797 157 2865 inani
171 2823 224 2888 spe
238 2805 366 2868 victoriae
380 2804 549 2887 sumptibus
567 2803 715 2881 involvat,
730 2808 849 2866 tenatur
868 2802 907 2865 ad
926 2804 1040 2867 restitu-

86 2888 206 2976 tionem,
221 2895 265 2958 uti
279 2893 304 2956 si
317 2894 486 2977 periculum
496 2893 561 2973 ejus
569 2891 729 2974 perdenda
740 2891 903 2974 neglexerit
913 2892 1045 2958 indicano

87 2997 149 3044 casu
162 3003 223 3067 quo
233 2983 405 3047 admonitus
418 2983 513 3046 cliens
523 2983 690 3064 litigaturus
703 3000 765 3044 non
775 2981 896 3044 luisset:
912 2981 942 3043 in
953 2982 1042 3046 dubie

87 3071 178 3134 lamen
191 3092 230 3136 an
244 3073 338 3136 cliens
351 3073 454 3136 luisset
471 3072 656 3154 litigaturus,
674 3089 735 3133 non
748 3076 901 3134 teneretur
913 3071 950 3133 ad
964 3071 1041 3134 resti

89 3160 224 3225 tutionem
238 3181 310 3244 erga
320 3163 459 3226 clientem
478 3162 549 3244 quia
563 3160 728 3223 meliorest
743 3159 876 3224 conditio
890 3159 1044 3242 possidea-

89 3246 130 3310 tis.
145 3251 232 3334 (lide
245 3254 277 3315 S.
291 3251 425 3334 Liguor.,
441 3251 493 3313 ttb.
504 3255 544 3326 l,
561 3261 595 3312 n⁰
605 3253 688 3328 223.)

123 3341 206 3405 nott.
231 3340 484 3423 Distinguendum
501 3345 547 3404 est
571 3343 672 3402 tantan
691 3341 768 3404 inter
789 3357 895 3403 causas
907 3339 1046 3405 civileaet

90 3443 183 3494 uuna
196 3429 366 3496 criminales
382 3431 434 3492 :in
455 3430 553 3494 caruis
574 3428 656 3493 enim
678 3429 815 3492 civilibus
832 3429 865 3491 in
886 3435 1046 3514 utramque

92 3525 194 3595 partem
214 3519 437 3604 probabilibus,
458 3525 557 3602 potest
575 3519 734 3594 utramvis,
756 3520 848 3582 etiam
866 3519 967 3583 minus
980 3539 1047 3605 pro-

92 3602 208 3672 babilam
223 3609 402 3674 defendere:
420 3609 473 3671 sed
487 3609 544 3672 hoc
560 3607 799 3685 controvertitur,
814 3609 950 3692 quamvis
966 3627 1047 3672 com·

94 3693 202 3761 nuntia
216 3694 378 3762 afflonetor
396 3693 421 3760 rt
444 3694 481 3762 de
502 3691 688 3760 dubttstnrtr
701 3699 823 3774 agatore
847 3694 871 3757 rt
890 3700 990 3758 anam
1009 3693 1047 3752 da
