2452 3984
3 341 4 344 Ἴ
448 267 535 316 curn
555 269 687 318 remim.
996 258 1051 324 stt

79 385 150 431 nrm
162 365 248 443 dato,
263 363 322 428 boc
336 364 642 429 somnambulismum
654 367 840 449 producitur.
856 375 943 436 'I'uno
956 373 980 434 si
992 373 1057 438 aiut

80 475 155 520 voce
172 461 226 519 aut
237 455 423 532 mentaliter,
442 453 480 518 de
502 473 558 518 suo
577 457 784 522 absentiumve
806 459 863 523 sibi
883 462 1056 544 ignotorum

3 567 4 578 ¹
81 547 190 609 morbo
205 546 425 626 interrogetur,
447 543 537 608 etiam
557 544 678 610 indocta
693 547 773 613 illico
787 549 920 613 medicos
935 551 1057 614 scientit

80 636 314 717 longbsuperat,
325 651 374 697 res
387 635 571 698 anatomicos
582 637 806 702 accuratissime
819 639 967 718 enuntiat,
979 659 1058 704 mor-

81 726 193 788 borum
209 725 397 788 internorum
411 729 441 786 et
455 725 580 806 cognitu
600 723 847 792 difficillimorum
861 745 994 809 oausam,
1010 749 1056 794 se·

82 815 167 893 dem,
179 819 319 877 naturam
332 811 461 892 indicat,
474 814 653 878 eorumdem
667 833 855 900 progressus,
867 819 1057 898 variationes,

82 901 332 987 complicationes
341 902 463 980 evolvit,
476 903 569 985 idque
578 905 706 988 propriis
716 912 747 969 et
755 905 900 970 technicis
909 908 1058 984 tenninis,

83 992 281 1076 remediaque
298 991 503 1056 efficacissima
523 995 659 1076 praecipit
679 998 702 1058 ¹.
727 997 758 1059 Si
774 995 851 1058 adsit
871 1014 1000 1078 persona
1022 996 1060 1059 de

83 1085 148 1166 qut
156 1083 335 1163 consulitur,
345 1081 521 1146 relationem
532 1083 610 1146 inter
619 1083 715 1166 ipsam
724 1092 754 1148 et
766 1102 927 1168 personam
938 1103 1060 1164 magne-

83 1176 204 1238 tiwtam
218 1179 358 1237 contactu
372 1173 500 1236 instituit
513 1176 727 1258 magnetizalor
737 1195 746 1253 ;
758 1177 782 1238 si
797 1176 869 1238 verb
883 1176 920 1237 sit
934 1175 1058 1252 absens,

85 1263 247 1328 cincinnus
261 1281 298 1325 ex
312 1265 377 1343 ejus
389 1264 511 1326 casaria
525 1281 592 1326 eam
606 1265 725 1347 supplet
745 1271 772 1326 et
788 1264 896 1328 sufficit
912 1284 919 1324 ε
938 1263 1060 1327 adirroto

86 1354 171 1417 enim
183 1351 242 1416 hoc
250 1352 394 1414 cincinno
403 1351 441 1416 ad
452 1353 583 1434 palmam
597 1355 813 1436 magnetizatae,
830 1353 1060 1436 conseslimipsa

85 1443 241 1506 declarare
253 1441 332 1504 valet
344 1442 431 1522 cujus
439 1441 500 1505 sint
513 1443 612 1526 capilli
623 1491 631 1521 ,
644 1444 770 1506 ubinam
783 1451 919 1506 versetur
932 1461 1061 1524 persona

86 1533 232 1614 adquam
246 1531 417 1614 pertinent,
432 1531 505 1614 quid
518 1551 621 1595 rerum
635 1540 718 1614 agat,
740 1537 770 1595 et
790 1533 870 1596 circa
890 1533 955 1613 ejus
978 1549 1060 1594 mor-

86 1623 163 1684 bum
176 1621 281 1684 omnia
298 1620 479 1684 documenta
497 1629 636 1704 praestare
657 1621 738 1684 haud
752 1622 857 1700 aliter,
881 1623 943 1684 imo
964 1621 1061 1684 mullo

89 1710 199 1774 melius
212 1729 248 1773 ae
261 1709 307 1790 si,
322 1709 510 1773 medicorum
525 1727 620 1786 more,
636 1729 746 1792 corpus
760 1713 825 1793 ipsa
839 1712 1059 1792 introspiceret.

132 1799 234 1864 Oculis
246 1799 357 1862 clausis
373 1804 403 1862 ct
416 1799 518 1862 velatis
538 1818 587 1861 res
605 1800 718 1876 cernit,
734 1799 825 1880 legit,
848 1800 938 1862 etiam
956 1800 1062 1864 nescia

90 1888 231 1972 legendi,
253 1888 365 1952 librum
377 1887 424 1952 vel
447 1887 558 1950 litteras
572 1887 700 1952 clausas.
717 1890 762 1950 Ex
785 1888 842 1950 boc
865 1888 1062 1950 somnambu-

90 1979 180 2042 lismo
196 1977 319 2057 eduen,
341 1977 387 2042 vel
406 1975 493 2058 jussu
507 1979 598 2040 etiam
611 1977 732 2039 interno
745 1975 1001 2058 magnetizatoris,
1017 1975 1061 2038 vel

90 2069 178 2150 quasi
191 2073 298 2150 sponte
311 2069 384 2147 sut,
401 2067 468 2150 ipso
482 2066 625 2148 temporis
638 2072 752 2148 puncto
765 2067 783 2126 a
802 2083 834 2128 se
845 2065 1061 2147 praenuntialo,

91 2157 166 2222 nibil
180 2157 306 2223 omnino
319 2156 357 2220 de
371 2156 461 2220 rebus
475 2155 505 2218 in
518 2155 689 2238 paroxismo
703 2154 842 2239 peractis,
855 2152 913 2216 sibi
927 2153 1064 2216 conscire

91 2246 221 2328 videtur,
236 2246 428 2330 quantumvis
443 2245 492 2308 ille
506 2244 666 2308 duraverit.

134 2341 223 2400 6252.
245 2338 290 2400 Itis
302 2335 606 2400 somnambulismum
626 2334 830 2416 magnelicum
849 2333 972 2416 exponit
986 2335 1064 2396 Can·

92 2425 233 2492 cellarius
244 2425 384 2508 Episcopi
402 2423 624 2488 lausannensis
637 2429 668 2486 et
685 2422 914 2500 Gebennensis,
929 2426 963 2484 ll.
982 2423 1063 2485 Fon-

91 2516 210 2580 tanain
230 2519 285 2580 sut
303 2514 522 2579 consultatione
540 2513 653 2574 directa
671 2511 709 2573 ad
731 2513 763 2574 S.
784 2509 1063 2591 Poenitentiariam‚

93 2611 135 2670 {9
154 2605 226 2670 maii
248 2609 324 2670 tau
343 2603 476 2667 :deinde
498 2601 606 2685 quaerit
623 2606 727 2664 utrum
747 2597 953 2662 confessarius
972 2599 1066 2682 possit

92 2695 159 2760 suis
172 2694 386 2778 poenitentibus
395 2693 587 2775 permittere:

141 2807 156 2846 r
178 2786 207 2847 1⁰
228 2783 514 2866 Utmagnetismum
532 2780 695 2844 animalem
708 2779 767 2843 illis
776 2777 976 2843 caracteribus
989 2777 1067 2842 aliis·

93 2897 109 2937 a
137 2893 196 2956 que
210 2873 358 2937 similibus
367 2872 527 2956 praeditum
541 2876 717 2948 exerceant,
732 2875 877 2951 tanquam
890 2875 986 2936 artem
999 2886 1064 2934 mc·

94 2989 111 3024 a
136 2963 245 3026 dicinae
257 2963 473 3028 auxiliatricem
488 2959 824 3044 atquesuppietoriam;

137 3077 152 3112 a
177 3055 208 3115 2⁰
223 3056 261 3118 Ut
280 3071 344 3116 sese
359 3053 390 3114 in
405 3052 489 3114 illurn
503 3057 615 3114 statum
628 3049 890 3113 somnambulismi
904 3046 1067 3132 magnetici

95 3166 112 3204 r
137 3143 340 3208 demittendos
353 3140 542 3206 consentiant
555 3160 563 3217 3

138 3255 154 3292 r
179 3236 209 3296 3⁰
220 3233 261 3297 Ut
269 3232 315 3295 vel
325 3231 362 3294 de
371 3250 403 3295 sc
415 3229 461 3294 uel
471 3230 510 3293 de
519 3228 584 3293 aliis
593 3247 738 3311 personas
746 3227 907 3292 consulant
915 3227 967 3289 illo
977 3223 1069 3288 modo

139 3321 367 3404 magnetizatas;

141 3435 156 3471 r
180 3417 212 3474 4⁰
235 3413 275 3476 Ut
300 3428 397 3474 unum
417 3408 456 3473 de
476 3409 573 3473 tribus
591 3407 742 3492 praedictis
763 3404 947 3487 suscipiant,
967 3401 1069 3469 habttt

134 3563 140 3591 ι
159 3573 169 3601 ι
187 3553 242 3604 Non
261 3557 299 3604 est
314 3550 426 3603 illicilum
443 3549 479 3603 uti
494 3549 601 3612 virtute,
618 3565 675 3616 que
692 3562 737 3615 par
752 3543 954 3612 superstitionem
970 3552 1069 3612 cognitu

101 3647 114 3674 ι
133 3631 186 3688 est,
200 3625 274 3676 morib
293 3623 347 3690 ejus
363 3623 501 3676 observatio
513 3627 556 3675 aut
572 3615 854 3687 operationonpandeat
868 3615 899 3665 ab
911 3631 958 3683 ope
974 3617 1067 3669 dome

103 3717 116 3744 ι
135 3695 183 3747 nir,
198 3713 208 3742 r
227 3693 391 3746 Rusembaunr
401 3695 465 3760 apud
488 3694 514 3746 8.
528 3691 641 3756 bisunt..
652 3689 696 3744 lib.
709 3688 734 3749 t,
745 3699 774 3738 11⁰
786 3687 826 3744 ΞΟ,
839 3687 866 3736 in
874 3687 933 3750 tce.
