2548 3988
204 301 264 368 teo
423 315 560 365 numum
580 315 681 364 ronna
700 315 782 362 toan
803 311 949 362 mnontn.

204 414 243 476 tit
261 410 449 494 Episcopus,
469 413 648 475 sententiam
667 429 721 493 per
743 409 836 473 atium
854 412 953 490 potest
976 405 1114 490 proicere
1129 425 1139 468 ε
1155 405 1181 468 si

206 501 354 584 Episcopo
364 502 401 563 sit
414 499 537 565 interior
551 506 649 584 potest
663 518 716 583 per
730 501 863 581 seipsum
873 503 925 560 ant
936 495 1044 560 saitem
1057 515 1114 580 per
1127 515 1183 559 no

204 591 315 654 tarium
328 597 379 653 aut
393 591 486 654 atium
501 591 685 653 ministrum.

244 683 335 743 6449.
359 681 511 743 Sententia
532 695 691 742 censuram
711 678 853 762 infligant
875 677 945 740 ferri
963 677 1054 740 dehet
1069 675 1184 740 dieints

208 787 269 834 non
282 765 395 832 ferietis
408 771 485 852 (cap.
506 767 613 844 duale,
630 767 665 831 de
677 767 803 848 Feriisit
819 766 954 849 oiioquin
973 783 1035 828 non
1049 765 1184 829 invalida

207 855 349 942 quidem,
365 858 418 922 ced
437 857 539 921 iiiioita
552 857 619 920 erit.
635 857 790 940 Excipitur
803 875 890 920 casus
904 872 966 938 qno
987 857 1184 919 contumacia

207 951 269 1012 tim
278 947 485 1011 essetevidens
498 954 531 1010 ut
545 946 718 1028 cognitione
732 963 831 1009 oense
845 953 1031 1026 nonogeret3
1040 953 1184 1008 secusast

208 1036 245 1100 dc
260 1037 425 1100 monitione
438 1055 507 1118 quc
522 1035 586 1098 fleri
601 1035 677 1099 solet
686 1034 889 1098 etiamdiebtts
903 1034 1030 1111 feriatis,
1046 1035 1070 1096 si
1080 1051 1184 1097 causae

208 1126 341 1207 cognitio
355 1125 513 1206 precedat,
522 1141 585 1187 non
598 1126 669 1188 vani
683 1125 707 1186 si
722 1123 787 1187 hmo
799 1123 931 1204 cognitio
946 1137 1008 1185 nou
1018 1123 1182 1205 praecedat

249 1219 338 1276 titio.
362 1213 417 1285 Oui
427 1231 587 1276 censuram
601 1214 727 1276 incurrit
739 1212 909 1276 denuntiari
924 1211 1013 1275 debet
1026 1212 1051 1274 ei
1065 1212 1103 1274 sit
1112 1228 1184 1294 spes

210 1300 289 1386 qood
302 1301 443 1364 siccitiits
452 1301 605 1382 resipiscat
615 1303 696 1384 (cap.
711 1301 988 1384 Pastoroiie‚§iin.‚
998 1300 1033 1364 de
1043 1301 1183 1384 Appetl.;

210 1399 239 1455 et
253 1391 399 1453 Clement.
417 1389 483 1460 nn..
498 1389 534 1452 de
544 1389 696 1471 Censori:
712 1391 750 1454 ab
764 1391 821 1454 hoo
834 1399 935 1453 tamen
946 1389 1040 1470 judex
1051 1407 1083 1452 se
1093 1389 1185 1452 debct

211 1480 360 1544 abstinere
373 1479 399 1542 si
411 1478 518 1543 resciat
530 1487 725 1544 consumtum
741 1499 807 1544 esee
820 1479 991 1544 absolutum
1009 1480 1040 1542 in
1054 1478 1120 1542 foro
1135 1481 1184 1542 in-

211 1575 308 1632 terno.
1122 1567 1126 1574 ’

250 1662 340 1724 etat.
363 1657 629 1723 Denuntiationem
642 1657 812 1742 precedere
825 1656 915 1721 debet
924 1658 1071 1723 sententia
1084 1657 1186 1721 decia·

211 1748 545 1832 ratoria‚quantumvis
556 1749 708 1812 notorium
719 1754 878 1812 censeatur
887 1747 1186 1824 delictum30ffcotus
1251 1773 1252 1806 t

211 1845 312 1901 autem
335 1837 571 1902 denuntiationis
584 1843 630 1902 est
648 1837 729 1920 qndd
748 1844 924 1902 cantoratus
940 1838 981 1900 sit
999 1835 1139 1902 uitandus
1154 1838 1185 1898 in

212 1927 249 1990 iis
261 1945 330 2009 qnae
343 1927 399 2010 ipsi
423 1945 650 2009 percensuram
672 1927 890 2010 prohibentur,
905 1932 996 2009 prout
1008 1926 1116 1989 dicturi
1132 1945 1186 1990 su-

212 2033 282 2080 mus
293 2015 370 2080 inira
382 2015 420 2079 de
434 2017 759 2081 excommunicatione.

253 2111 342 2170 otti.
366 2107 437 2168 Haec
462 2113 563 2169 autern
586 2106 774 2170 denuntiatio
797 2105 861 2169 tieri
885 2105 975 2171 debet
995 2106 1034 2171 ab
1056 2107 1188 2189 ipsomet

211 2193 328 2276 judice,
345 2195 406 2256 sive
419 2213 548 2257 censura
562 2193 652 2258 inerit
661 2195 718 2257 lata
733 2214 787 2277 per
798 2196 924 2258 modum
934 2196 1032 2260 statuti
1042 2243 1050 2274 ‚
1060 2196 1122 2258 sive
1131 2213 1188 2278 per

214 2283 340 2346 modum
354 2283 529 2360 sententite3
545 2283 570 2345 si
582 2284 654 2345 vend
668 2303 796 2347 censura
810 2286 900 2347 tuerit
918 2287 1007 2349 latai
1023 2287 1091 2366 jure
1104 2303 1180 2348 com
1250 2347 1251 2364 2

214 2371 316 2460 muni,
331 2371 518 2435 denuntiatio
537 2371 601 2436 iteri
616 2373 704 2436 debet
718 2374 757 2436 ab
777 2373 935 2439 Ordinatio
949 2375 1026 2453 loci,
1050 2373 1101 2438 ubi
1116 2393 1190 2438 cen·
1250 2385 1251 2477 p

214 2481 285 2526 sura
299 2463 421 2526 incursa
443 2461 530 2525 tuerit
547 2463 705 2537 (diemout.
731 2468 760 2540 4,
776 2463 811 2527 de
832 2465 966 2544 Potuit),
983 2465 1028 2528 tel
1046 2463 1084 2526 ab
1097 2465 1189 2528 Ordi-

216 2554 300 2615 uario
314 2551 473 2626 domicilii,
489 2557 522 2614 ut
535 2569 625 2634 supro
638 2552 772 2616 diximus
786 2557 886 2633 (aaut)
902 2575 909 2615 ι
923 2555 975 2618 scd
990 2561 1063 2618 tuno
1075 2571 1191 2636 praece·

214 2641 286 2702 dere
308 2641 397 2703 debet
419 2641 520 2703 citatio
540 2642 582 2702 rei
598 2643 703 2720 (Ciam.
723 2643 819 2724 Scope,
843 2642 878 2706 de
896 2643 1008 2707 verbor.
1030 2644 1187 2726 sapuiſse).

216 2729 287 2790 Haec
299 2727 487 2791 denuntiatio
501 2729 566 2792 deri
579 2730 669 2794 debet
682 2749 736 2814 per
749 2731 1018 2814 proclamationem
1033 2731 1189 2816 publicam

215 2815 247 2877 in
264 2815 404 2894 ecclesii,
419 2819 465 2878 vet
480 2837 534 2900 per
553 2819 696 2902 scriptum
711 2821 750 2883 ad
771 2821 869 2884 valvas
891 2821 1027 2901 ejusdem
1041 2821 1187 2900 affixum,

217 2904 297 2966 iuxta
317 2923 433 2967 morem
455 2915 609 2988 receptum
631 2909 778 2993 cujusque
801 2909 950 2974 dioeoesis.
972 2911 1057 2990 (Vide
1079 2911 1186 2977 Theoi.

217 2991 329 3071 aoros,
343 2991 379 3056 dc
393 2992 555 3076 Ceruaria).
567 2998 598 3059 Si
612 3015 682 3061 reus
696 2999 929 3062 satisfactionem
943 3000 1065 3079 offerat,
1087 3002 1189 3065 statim

219 3087 262 3149 tsi
276 3081 476 3147 absolvendus
489 3085 532 3165 (S.
548 3085 684 3168 Lignum,
700 3087 751 3152 tib.
767 3093 798 3166 i,
811 3098 844 3150 n·
858 3093 920 3170 56).

256 3175 346 3236 otae.
359 3172 511 3237 Paroohus
524 3177 573 3239 cui
585 3195 721 3241 censurae
730 3177 918 3242 denuntiatio
931 3177 1093 3242 mandatur
1106 3183 1191 3244 tene-

216 3270 265 3326 tut
278 3263 454 3344 regulariter
467 3263 691 3347 obtemperare,
710 3267 794 3347 juxta
817 3287 884 3350 cap.
901 3267 1068 3333 Poatoroiia
1080 3269 1138 3348 28,
1153 3267 1190 3334 dc
1248 3267 1249 3344 ξ

216 3351 297 3434 offic.
307 3349 692 3434 jud.delep.‚ubtdicitur:
713 3357 1190 3439 «Attendentes...quddnonco-
1248 3357 1249 3380 i

217 3461 233 3498 o
257 3439 351 3520 gnitio
362 3441 415 3503 sed
429 3443 692 3507 executiotnntitm
706 3444 958 3520 demandatae...
969 3446 1190 3528 respondemus

217 3543 232 3588 a
257 3525 376 3607 qnod...
386 3535 523 3593 teneatur
533 3531 652 3614 exequi,
666 3533 722 3595 nisi
733 3533 812 3615 apud
823 3530 956 3614 judicant
966 3535 1084 3598 efficere
1094 3539 1189 3618 possit

217 3635 230 3673 a
257 3616 291 3676 ut
304 3613 342 3676 ab
356 3615 415 3681 hoo
428 3637 520 3682 onere
532 3622 632 3702 ipsum
646 3619 787 3685 abactam.
803 3647 869 3684 u-
879 3625 909 3687 Si
924 3633 1025 3686 tamen
1038 3625 1188 3705 parochus

217 3705 319 3764 centus
328 3711 405 3766 esset
417 3708 596 3770 sententiam
607 3727 673 3772 esee
683 3709 840 3791 injustam,
852 3711 942 3774 etiam
951 3713 1036 3794 juxta
1050 3711 1186 3794 probata,
