2526 3988
207 227 245 289 56
435 238 573 286 annuam
593 235 693 284 nortus
712 233 795 282 tuam
815 231 966 281 canomct.

141 337 144 342 ’
208 363 222 402 a
248 339 341 402 altero
355 355 416 401 non
427 335 547 399 debebit
560 333 676 398 admitti
690 351 796 411 ,secus
809 332 834 396 si
843 332 944 395 sintin
958 329 1092 396 solidum
1106 347 1181 395 oon·

209 453 224 487 a
248 428 360 504 stituti;
381 425 434 490 sed
447 432 520 488 tunc
533 424 612 486 illius
625 423 732 486 melior
745 423 802 485 erit
816 421 970 502 conditio,
984 422 1039 504 qui
1054 421 1182 504 perlitis

210 542 225 579 a
249 519 514 593 contestationem,
535 513 689 595 negotium
703 513 844 594 primitiis
857 511 1032 594 occupabit,
1047 516 1119 593 post
1131 528 1182 573 oc·
1240 585 1241 590 ἵ

210 629 225 666 u
249 605 442 688 cupationem
455 603 528 666 alter
541 621 573 665 sa
588 601 786 664 intromittere
802 601 940 683 nequibit
948 599 1115 663 atterius...
1127 598 1183 662 nisi

211 719 226 756 a
249 695 365 758 dictum
379 693 415 756 sit
430 693 458 756 in
473 692 702 770 constitutione,
717 689 799 773 quod
817 707 879 752 non
892 687 978 752 fieret
990 689 1102 753 melior
1114 707 1184 752 con-

212 808 227 846 a
250 784 324 846 ditio
346 782 520 865 occupantis
536 800 544 842 ε
559 787 633 844 tunc
645 780 729 842 enim
749 781 774 843 si
795 796 866 843 eum
880 777 933 861 qui
946 779 1123 861 occupavit,
1138 779 1184 840 in·

213 898 228 934 t>
252 873 384 951 firmari,
399 871 495 950 mori,
516 869 681 946 absentari,
698 869 744 932 vel
758 869 831 932 alitis
851 865 991 949 impediri
1006 867 1181 949 contingat,

214 986 228 1022 u
252 969 304 1026 aut
325 961 350 1026 si
370 960 510 1044 prosequi
534 958 610 1030 forte
634 957 723 1038 nolit,
747 956 855 1041 poterit
876 955 951 1018 alter
972 957 1131 1039 suscipere
1153 974 1186 1019 ac

214 1075 229 1110 a
252 1051 397 1135 perficere
412 1049 566 1130 negotium
580 1049 618 1111 ab
636 1047 694 1111 alio
707 1047 881 1114 inchoatum
900 1061 908 1106 τ
927 1042 1002 1108 dum
1023 1051 1130 1110 tamen
1150 1047 1187 1108 ab

215 1164 230 1198 a
254 1140 313 1202 alio
328 1158 389 1201 non
404 1139 491 1200 luerit
504 1138 582 1200 alius
594 1138 772 1201 substitutus
788 1155 796 1199 :
811 1151 883 1199 nam
897 1131 922 1195 si
935 1131 990 1214 sit,
1009 1134 1037 1198 is
1050 1134 1186 1218 praelerri

216 1250 231 1291 a
254 1227 375 1291 debebit
388 1226 498 1290 eidem.
517 1251 530 1282 ι

256 1320 345 1380 5619.
369 1316 491 1391 Querit.
507 1317 538 1379 l⁰
551 1315 680 1390 Quinam
694 1315 749 1380 sibi
764 1322 990 1400 procuratorem
1002 1315 1188 1380 constituere

258 1406 366 1469 ssuntl

218 1425 346 1577 poltesp.
363 1495 545 1558 Generaliter
562 1513 668 1558 omnes
682 1513 770 1578 posse
792 1496 848 1559 sibi
863 1501 1091 1580 procuratorem
1115 1514 1187 1559 con·

219 1585 340 1649 stituere
362 1585 418 1650 nisi
442 1583 540 1666 alege
558 1584 773 1668 prohibeantur
788 1606 797 1648 r
811 1586 1008 1669 prohibentur
1022 1591 1128 1648 autem
1142 1603 1187 1648 se·

219 1681 345 1756 quentes
363 1692 370 1734 :
393 1679 422 1736 t⁰
445 1674 548 1757 pupilli
564 1681 593 1738 et
615 1674 748 1738 minores
766 1675 910 1740 habentes
923 1681 1117 1752 curatorem,
1133 1675 1188 1737 nisi

220 1769 377 1826 concurrat
395 1764 499 1825 tutoris
524 1771 576 1826 aut
592 1765 738 1827 curatoris
760 1765 935 1842 auctoritas;
955 1769 987 1826 2⁰
1005 1763 1188 1828 filiifamililts

220 1851 250 1912 in
266 1851 301 1914 iis
314 1853 412 1915 causis
423 1851 532 1934 quibus
545 1851 618 1935 ipsis
631 1871 693 1916 non
707 1853 774 1916 licet
787 1860 865 1918 stare
879 1854 909 1916 in
917 1852 1040 1934 Judicio,
1057 1861 1087 1916 et
1101 1872 1189 1937 gene·

221 1941 320 2004 naliter
333 1941 385 2025 qui
399 1959 499 2004 rerum
514 1961 637 2004 suarum
651 1961 713 2005 non
728 1949 799 2006 sunt
811 1944 941 2020 domini;
960 1946 992 2007 3ο
1009 1961 1188 2006 excommu-

222 2031 309 2093 nicati
322 2032 633 2095 excommunicatione
648 2032 770 2112 majori,
786 2033 842 2094 nisi
860 2032 898 2094 ad
918 2051 950 2096 se
963 2031 1190 2097 defendendum

221 2121 245 2182 si
260 2122 290 2181 in
299 2121 447 2200 judicium
456 2128 609 2184 vocentur.
620 2123 663 2182 lta
672 2139 739 2203 cap.
750 2121 993 2201 Intellrm'mus'l,
1004 2121 1039 2184 de
1041 2121 1171 2203 judiciis
1179 2142 1189 2186 :

183 2213 185 2216 ’
225 2230 241 2268 a
260 2209 580 2272 Exoommunieatus...
597 2210 749 2272 conveniri
761 2216 871 2293 potest,
885 2216 915 2272 et
928 2209 1019 2273 debet
1027 2229 1083 2292 per
1096 2211 1190 2274 alium

221 2319 237 2358 a
262 2297 1187 2380 respondere.aV.etiamc.t'omulta'15,lib.l,tit.28,Decret.

261 2391 293 2449 4⁰
314 2385 585 2470 Praelatnsquidem
594 2405 656 2449 non
669 2395 766 2470 potest
775 2395 998 2470 procuratorem
1006 2391 1189 2454 constituere

222 2475 322 2560 quoad
335 2477 415 2540 bona
428 2475 554 2560 Capituli
570 2493 701 2558 quorum
715 2477 931 2540 administratio
944 2485 988 2540 est
1002 2479 1132 2542 omnino
1143 2499 1190 2543 se·

223 2573 338 2648 parata;
353 2566 406 2630 sed
417 2572 514 2650 potest
526 2565 708 2630 constituere
718 2567 808 2629 etiam
818 2566 932 2649 absque
942 2584 1093 2631 consensu
1104 2569 1190 2652 Capi·

223 2656 276 2718 tuli
301 2661 525 2736 procuratorem
545 2673 601 2737 pro
614 2657 712 2720 causis
725 2675 786 2718 non
801 2655 919 2734 arduis,
934 2673 1002 2738 quae
1024 2655 1191 2739 respiciunt

224 2743 296 2805 alias
309 2762 356 2806 res
376 2745 510 2806 eeclesiae
529 2751 580 2806 aut
597 2745 739 2827 Capituli3
759 2764 813 2830 pro
827 2745 925 2808 causis
947 2752 1047 2807 autem
1069 2745 1188 2824 arduis,

224 2851 389 2897 consensus
403 2833 529 2916 Capituli
542 2834 705 2916 requiritur
721 2855 728 2897 :
743 2835 817 2898 tales
826 2841 926 2897 autem
934 2839 1114 2916 reputantur
1123 2855 1191 2918 quae

224 2921 415 2986 ecclesiaeve
430 2923 601 2985 monasterii
616 2922 803 3001 libertatem,
819 2923 1051 3003 subjectionem,
1068 2921 1189 3003 limites,

224 3011 600 3091 honorem,alienati0nem
610 3009 1189 3077 bonornmimmobiliumvelmobilium

224 3101 437 3186 pretiosorum,
452 3108 656 3180 concernunt,
666 3101 713 3166 vel
725 3103 750 3166 si
764 3100 990 3166 constituendus
1002 3101 1190 3183 sitprocura·

223 3199 270 3256 tor
283 3192 465 3276 generaliset
478 3193 710 3276 perpetuus.(V.
722 3191 828 3270 Bouix,
843 3190 887 3254 De
899 3189 1012 3268 Jud.,t.
1024 3191 1054 3268 l,
1066 3209 1099 3272 p.
1108 3193 1187 3268 tat).

263 3283 474 3348 Universitates
488 3288 613 3363 possunt
626 3289 851 3365 procuratorem
866 3279 1058 3354 constituere,
1073 3297 1185 3364 excep.

223 3373 259 3446 ’1,
274 3373 319 3433 tit.
334 3374 387 3449 38,
403 3371 454 3434 lib.
471 3373 485 3432 l
509 3371 720 3437 Decretalium.

264 3463 353 3522 5620.
370 3459 491 3532 Quaerit.
503 3460 670 3531 2⁰Quinam
685 3462 802 3543 possint
810 3464 1018 3542 procuratores
1028 3461 1188 3526 constituit

266 3551 356 3628 Resp.
384 3547 615 3630 nflegulariter,
639 3550 738 3631 inquit
758 3549 928 3612 Bonilacius
941 3551 1006 3610 Vlll
1020 3549 1103 3632 (cap.
1123 3551 1188 3614 Nan

225 3659 240 3698 ι
267 3635 427 3709 indiscreti,
437 3636 1186 3722 deprecaret,in6⁰),quinonprolribeturexpressd
