2548 4002
329 275 391 328 6116
830 272 893 324 (llil)
1058 273 1100 322 551

124 391 209 438 rantur
229 385 259 436 ad
284 385 448 450 receptionem
471 383 602 444 ordinum,
627 389 748 435 trumenta
769 386 831 436 tradi
853 386 974 446 debeant,
989 385 1057 437 3666.
1071 387 1107 435 ha

126 467 193 519 1961.
216 469 233 518 h
255 481 304 532 quc
322 466 420 516 ordines
438 463 544 516 conlerri
558 461 603 514 dc·
627 463 651 516 in
665 463 820 514 ordinatione
843 465 975 532 presbyteri
995 467 1109 532 reqraira-

126 551 214 612 beant,
229 547 375 599 1666-1698.
387 547 423 598 An
436 545 534 598 ordines
553 545 603 596 mi·
628 553 667 596 tur
688 555 714 596 ut
739 551 843 613 utraque
869 547 963 612 species
995 551 1110 612 tangatur

126 627 603 698 ncrespossintconserriabhbbatibus,
628 629 700 680 simul
714 647 769 682 cum
788 629 877 696 patent
891 635 915 682 et
926 629 1018 688 calice,
1038 632 1112 682 3616.

126 713 174 766 etia
189 713 337 780 quibusnam
357 711 508 770 hbbatibns,
528 711 604 762 1666-
628 711 992 777 hnvalidbordineturtangens
1004 711 1107 762 hostiam

126 795 195 845 1666.
210 794 313 846 Ordines
327 793 433 860 majores
446 791 552 844 conferri
565 791 605 840 de·
629 793 670 844 sed
684 807 733 844 non
752 799 881 859 patenam,
905 793 976 844 3611.
998 791 1032 844 bn
1051 793 1109 843 item

128 875 357 942 bentabllpiscopa
370 879 494 925 caractere
507 871 605 939 episco-
630 879 733 941 tangens
758 873 858 926 calicem
883 881 907 924 et
929 880 1051 940 patenam,
1068 873 1109 925 sed

128 957 176 1026 pali
189 957 318 1024 insignito,
332 957 402 1007 ttttt.
417 955 450 1006 lle
461 953 607 1004 necessitate
631 969 680 1006 non
693 955 815 1016 hostiam,
828 953 898 1008 asts.
911 955 947 1005 An
960 960 985 1005 et
996 969 1045 1020 quo
1058 959 1113 1020 jure

128 1037 193 1090 tituli
206 1040 236 1090 ad
247 1039 419 1106 suscipiendos
432 1051 515 1088 sacras
537 1035 606 1086 ordi-
632 1033 692 1086 ordo
711 1049 781 1086 sacer
795 1031 894 1084 dirimat
912 1033 1111 1095 matrimonium,

130 1135 188 1184 nee,
200 1121 347 1172 lasa-2019.
362 1119 466 1172 Ordines
477 1123 535 1170 sant
547 1117 608 1170 reoi-
631 1115 703 1168 1653.
716 1118 752 1166 bn
765 1121 790 1168 et
808 1121 931 1182 quatenns
951 1115 1015 1182 l'apa
1036 1114 1113 1182 possit

130 1202 212 1269 piendi
224 1203 335 1253 ordinate
355 1207 379 1253 et
390 1215 492 1266 nonper
501 1199 607 1262 saltum,
633 1195 657 1245 in
668 1195 715 1246 hoc
727 1195 882 1262 dispensare,
895 1193 965 1246 1151.
979 1195 1015 1245 bn
1035 1195 1113 1244 valeat

130 1285 200 1346 2020,
212 1285 283 1336 tort.
297 1285 351 1346 Qua
370 1285 426 1336 loco
447 1282 546 1336 ordines
562 1282 611 1334 sint
635 1276 777 1342 dispensare
793 1291 850 1328 cum
876 1275 1023 1335 sacerdote,
1044 1275 1113 1326 1651.

132 1365 280 1432 recipiendi,
294 1365 452 1426 nomadas.
472 1364 526 1425 Quo
545 1370 610 1414 tem-
635 1360 670 1408 hn
689 1363 712 1408 et
727 1364 849 1424 quatenus
870 1357 951 1422 rigeat
969 1357 1017 1408 boc
1035 1356 1116 1420 impe-

133 1444 611 1511 (616166661666616616666616661.
637 1439 772 1492 dimentum
797 1439 821 1488 in
847 1438 955 1490 Ecclesiai
984 1437 1116 1500 orientali,

134 1529 188 1586 Quo
215 1535 325 1592 tempore
355 1529 463 1579 minores
493 1527 612 1589 ordines,
637 1523 707 1573 lass.
720 1523 756 1572 hn
770 1519 878 1587 legitimi·
891 1519 989 1571 ordines
1007 1517 1118 1585 denega-

102 1654 104 1659 .
133 1607 292 1665 1065,1616.
314 1607 367 1662 Quo
385 1614 495 1670 tempore
514 1608 614 1658 ordines
639 1603 1136 1671 rentaralicaiexeoqubdvelitstudere=

135 1685 256 1747 majores,
270 1681 340 1730 2028.
354 1683 388 1730 bn
407 1683 485 1746 jcjani
498 1699 553 1734 esse
569 1687 615 1734 de-
639 1683 665 1734 in
686 1685 818 1736 seminario
838 1686 1064 1746 extradioecesano,
1081 1684 1120 1736 vel

136 1765 210 1813 beant
223 1761 271 1812 telm
285 1760 401 1813 ordinans
413 1762 486 1829 quidm
500 1763 614 1824 ordinati,
641 1761 700 1810 nolit
713 1763 855 1826 promittere
873 1779 899 1814 se
915 1772 1069 1816 servaturum
1081 1765 1121 1815 vi-

136 1843 207 1894 1611.
228 1842 378 1894 deordinas
403 1843 451 1894 sint
474 1841 616 1893 conferendi
641 1847 689 1890 tam
721 1857 878 1893 communem
906 1861 962 1895 cum
993 1848 1120 1912 parocho,

137 1925 201 1977 intra
213 1925 343 1976 missarum
356 1923 485 1986 solemnia,
498 1925 567 1975 8666.
581 1924 616 1974 bn
641 1921 710 1972 6616.
725 1921 820 1981 Qraihus
833 1923 910 1989 pcenis
928 1925 1066 1978 subdantur
1078 1929 1122 1994 qni

139 2005 616 2075 aliquapoenaiacurratnrsisecushat,
642 2003 772 2056 ordinesl
797 2004 960 2058 schismaticis
982 2009 1121 2076 recipiunt,

138 2091 210 2142 1619.
223 2093 258 2141 dn
271 2091 357 2142 eodem
371 2088 410 2141 die
423 2089 505 2156 plures
521 2087 618 2140 ordines
642 2086 711 2136 6131.
727 2085 844 2145 Quanam
858 2101 936 2152 paena
959 2087 1008 2138 sint
1027 2096 1124 2144 statutae

139 2169 215 2238 recipi
228 2169 418 2230 valeant,hddl.
432 2169 485 2228 Quo
501 2168 540 2219 die
553 2167 620 2234 Epis·
643 2171 727 2216 contra
752 2164 882 2216 simoniam
902 2167 1057 2219 commissam
1078 2185 1123 2221 oc-

141 2251 234 2319 ecpalis
247 2251 308 2302 ordo
320 2251 352 2301 sit
363 2250 528 2302 conterendus
537 2247 618 2310 ,edas
644 2245 743 2296 cacione
756 2245 895 2297 collationis
909 2246 946 2298 rel
961 2249 1124 2315 susceptionis

142 2334 176 2385 lle
188 2331 324 2382 interstitiis
336 2331 402 2380 inter
413 2330 512 2381 ordines
524 2343 621 2380 sarran·
645 2327 774 2388 ordinum,
787 2327 866 2386 6185,
881 2327 951 2380 6186.
965 2331 1000 2378 An
1018 2345 1125 2396 suspen-

143 2412 190 2474 dis,
202 2411 277 2472 1661,
290 2410 368 2461 1613ι
386 2409 441 2460 vide
457 2407 621 2458 lacessente.
644 2409 681 2458 aio
695 2408 726 2460 ob
739 2407 826 2458 ordine
840 2407 921 2459 obstet
933 2409 1067 2476 receptioni
1082 2428 1126 2463 sa-

143 2517 175 2532 ·-
185 2491 218 2542 lle
228 2489 340 2541 exanrinc
352 2493 376 2538 et
388 2487 622 2553 proclamationibus
645 2489 764 2541 crementi
788 2489 894 2552 ordinis,
920 2491 989 2542 6511.
1009 2492 1125 2552 Quanam

145 2571 356 2632 ordinandorum,
379 2569 458 2631 abts,
488 2575 543 2621 etc:
568 2569 623 2620 vide
647 2585 726 2638 poenae
744 2571 905 2622 incurrantur
923 2573 943 2624 si
961 2574 1010 2625 duc
1027 2576 1127 2630 ordines

146 2649 624 2709 Exstantemendicandum—Qualis
647 2652 723 2712 sacri,
740 2653 825 2703 eidem
840 2653 894 2718 die,
916 2655 1076 2722 recipiantur,
1089 2659 1128 2712 rel

146 2728 625 2796 seientinreqniraturinsuscipientibus
648 2735 809 2784 conterantur
837 2733 890 2786 sind
926 2735 1126 2804 dispensatione,

148 2811 260 2872 ordines,
274 2811 344 2862 abts.
360 2813 396 2862 hn
410 2812 528 2878 majorem
541 2811 625 2863 scien·
648 2815 718 2866 6618.
733 2813 796 2875 Qraid
810 2815 829 2866 si
843 2816 1001 2869 conterantur
1012 2821 1050 2871 vel
1064 2823 1129 2874 reci·

149 2894 207 2946 tiam
219 2891 332 2958 Episcopi
341 2893 545 2959 possintexipere,
554 2894 624 2944 1616.
651 2897 748 2964 piantur
760 2897 846 2948 eedem
856 2897 895 2950 die
907 2905 1014 2966 quatuor
1024 2901 1131 2952 minores

151 2975 211 3036 Quid
226 2974 307 3041 du⁰³t¹
320 2974 458 3040 1181111161,
472 2974 542 3024 2⁰50·
555 2976 590 3025 An
604 2979 628 3026 ei
652 2979 751 3032 ordines
769 2979 843 3032 simul
856 2995 913 3032 cum
932 2983 1130 3049 subdiaconatu,

150 3064 271 3122 qiratonus
288 3061 385 3108 constet
396 3055 507 3107 ordinem
520 3071 573 3107 esse
585 3071 628 3107 sa·
651 3064 722 3116 2043,

152 3145 318 3198 aramentum,
343 3137 413 3199 3665.
435 3139 504 3189 3966-
525 3139 628 3199 Quinam
684 3149 752 3202 dano
769 3161 956 3202 61666363.-
968 3153 1002 3204 lte
1014 3155 1132 3208 canonice

152 3218 311 3269 sintellectus
319 3219 385 3269 illius
393 3221 550 3283 sacramenti,
559 3223 628 3272 3666.
655 3231 740 3282 norma
753 3247 808 3282 eum
822 3231 941 3296 erigendi,
954 3231 1025 3286 1516,
1036 3236 1068 3286 Da,
1081 3237 1133 3301 lage

152 3301 188 3350 ha
206 3298 297 3348 latinus
320 3299 398 3364 possit
420 3300 500 3350 valide
524 3302 631 3352 ordinari
655 3325 709 3380 qua
726 3311 838 3376 prohibes
856 3311 1033 3364 institucionem
1054 3331 1134 3367 novo.

153 3397 197 3448 per
207 3379 286 3430 sclam
296 3393 412 3429 manuum
427 3378 629 3446 impositionem,
656 3389 1026 3460 mmOrdinumretigfffiofflm
1062 3398 1124 3452 05⁰3

155 3461 224 3514 6661.
235 3462 272 3513 bn
284 3459 315 3511 ad
327 3457 476 3510 validitatem
494 3460 632 3512 ordinatio·
657 3468 798 3534 Requiritur
816 3471 959 3536 approbatio
977 3470 1002 3525 S.
1021 3473 1091 3527 Sedis
1105 3479 1134 3533 ad

157 3543 634 3613 nisrequiratnrcantactusinsti-umen·
657 3547 799 3617 hujusmodi
811 3550 1005 3616 institutionem,
1022 3555 1081 3606 6561
1106 3559 1133 3576 “·

158 3637 253 3691 torum,
269 3626 340 3680 3968.
357 3625 394 3679 hn
412 3624 551 3692 requiretur
571 3641 635 3678 con·
657 3629 1041 3698 nocsubpoentnattttatta,rces

159 3715 239 3762 tactus
250 3706 379 3776 physicae.
396 3703 467 3759 aeta.
485 3707 505 3762 Α
522 3705 635 3774 quoias-
660 3711 741 3762 tamea
760 3707 859 3764 licentia
878 3709 991 3778 Episcopi
1004 3727 1029 3764 sn
