2452 3984
204 209 264 268 tto
421 223 559 268 urnulas
578 222 681 268 rorrus
700 223 782 267 runis
801 220 949 267 cenomcr.

203 323 293 384 resim
312 320 469 383 manifeste
492 340 554 384 non
575 321 795 403 profiteantur,
819 319 928 382 merito
941 324 1045 382 tamen
1057 317 1169 383 uttales

203 415 431 493 praesumuntur
453 429 490 473 ex
510 409 599 474 variis
618 409 756 472 indiciis:
770 409 808 471 de
830 408 867 472 iis
890 409 934 470 sic
950 407 1043 470 habet
1062 406 1165 470 Conci.

204 501 340 561 Laterum
356 500 396 560 IV
416 499 499 580 (Gap.
520 499 748 562 Eecomtnune'e.
771 500 808 559 13
822 544 830 572 ,
846 495 880 559 de
893 495 1052 576 hereticis)
1065 515 1074 558 :
1093 497 1170 568 oQul

206 607 221 647 s
247 593 348 649 autem
361 586 474 648 inventi
486 586 596 649 suerint
609 585 672 650 sold
684 585 844 668 suspicione
853 583 1014 662 notabiles,
1025 584 1084 646 nisi
1096 585 1172 664 jum

204 675 519 741 »considerationem
547 673 747 757 suspicionis,
775 673 1010 756 qualitatemque
1042 691 1172 754 persona

206 787 221 824 o
247 765 400 846 propriam
423 765 630 826 innocentiam
650 765 785 844 congrue
803 762 982 844 purgatione
996 767 1173 824 monstrare·

206 874 221 911 u
246 852 327 930 rint,
342 851 540 914 anathematis
554 850 652 931 gladio
664 849 828 928 feriantur,
844 858 874 912 et
886 867 984 932 usque
997 848 1035 911 ad
1049 848 1173 912 satistat-

208 961 223 999 ι)
249 941 364 1002 tionem
388 941 573 1021 condignam
593 939 632 1000 ab
654 939 796 1001 omnibus
820 938 967 1002 evitentur
988 957 997 1000 t
1018 938 1059 1000 ita
1082 946 1175 1000 tarum

207 1051 221 1087 u
246 1028 323 1110 quid
345 1030 438 1110 siper
450 1048 560 1090 annum
574 1029 605 1089 in
619 1027 913 1090 excommunicatione
920 1025 1131 1110 perstiterint,
1145 1045 1175 1088 ec

208 1140 223 1176 s
249 1125 317 1180 tune
330 1117 409 1180 uelut
422 1117 558 1180 heretici
564 1117 743 1198 puniantur.
765 1137 781 1176 n

249 1207 305 1267 Per
316 1206 468 1288 complices
477 1205 601 1286 intelligi
611 1204 722 1268 debent
734 1223 741 1266 :
754 1211 785 1268 l⁰
797 1212 991 1288 receptatores
999 1203 1052 1286 qui
1066 1204 1178 1285 asylum

210 1291 358 1357 haercticis
371 1293 508 1376 praebent
521 1313 559 1356 ne
573 1294 693 1357 veniant
707 1293 739 1356 in
750 1293 889 1374 judicum
903 1298 1024 1370 manus,
1047 1293 1096 1356 rel
1108 1293 1178 1355 lorti

210 1382 262 1464 qui
274 1382 382 1446 domos
395 1402 465 1447 suas
473 1382 512 1446 ad
525 1382 733 1446 conventicula
744 1389 901 1465 praestant3
914 1387 946 1443 2⁰
956 1381 1119 1463 defensores
1132 1381 1178 1462 qui

211 1471 367 1534 haereticos
386 1471 517 1535 indebite
531 1471 714 1546 detendunt,
739 1489 778 1534 ne
800 1473 819 1534 a
829 1470 982 1552 Judicibus
999 1469 1177 1552 puniantur;

210 1564 243 1623 3ο
261 1561 393 1641 fautores
416 1561 487 1643 qui,
507 1577 700 1642 quocumque
711 1559 821 1638 modo,
844 1558 991 1622 haereticis
1004 1559 1180 1622 auxiliantur

212 1658 316 1712 contra
330 1650 543 1714 coercitionem
554 1647 719 1730 legitimam
738 1667 810 1730 erga
824 1648 905 1730 ipsos
920 1645 1096 1710 adhibitam.
1112 1647 1180 1710 Vide

212 1739 374 1820 Lequeux,
391 1749 425 1800 n⁰
438 1741 527 1801 1345.

252 1830 341 1890 6118.
352 1825 1182 1909 Variispoenishaeresisbsacriscanouihusplectitur:ille

213 1922 503 1998 autcmpoenaesunt‚
510 1917 594 1996 juxta
602 1917 634 1978 C.
645 1916 756 1998 Soglia:
769 1920 822 1978 ol⁰
830 1915 1113 1978 Excommunicatio
1122 1916 1182 1977 lala

212 2026 228 2066 n
252 2006 407 2068 sententiae
417 2007 449 2068 S.
459 2005 596 2068 Pontifici
606 2011 752 2068 reservata
760 2003 861 2084 (modb
870 2003 1039 2066 haeresissit
1047 2021 1182 2068 consum

214 2116 230 2154 u
255 2095 469 2156 malainterihs
478 2101 508 2156 et
515 2095 666 2175 exieritis),
680 2111 773 2175 quam
783 2093 872 2156 etiam
886 2093 1045 2156 incurrunt
1059 2091 1182 2157 lautores

215 2203 231 2242 s
255 2189 286 2245 et
295 2189 476 2263 receptores,
487 2189 553 2244 tum
564 2183 700 2264 ipsorum
711 2183 803 2244 libros
812 2181 956 2264 legentes,
967 2182 1182 2262 retinentes,ao

215 2291 230 2330 a
256 2270 463 2352 imprimentes
477 2291 491 2329 n
501 2274 578 2352 (cap.
590 2271 885 2334 Eccomrnunieurnus
899 2273 953 2348 l3,
968 2269 1004 2333 de
1017 2271 1181 2351 hereticis).
1211 2269 1212 2282 ²

216 2358 290 2422 Vide
300 2357 390 2420 etiam
403 2359 433 2420 S.
446 2359 525 2440 Lig„
540 2359 592 2422 lib.
608 2365 639 2438 t,
651 2375 684 2422 n⁰
697 2363 771 2423 306:
788 2359 941 2442 probabile
950 2365 994 2422 ast
1008 2366 1184 2425 taurensem

217 2447 562 2513 excommunicationem
579 2467 640 2512 non
662 2449 775 2511 incurri
789 2446 993 2530 aparentibus
1011 2453 1042 2510 et
1057 2447 1144 2524 filiis,
1162 2450 1183 2510 si
1211 2527 1212 2532 ἵ

218 2557 280 2602 non
303 2557 340 2601 cx
365 2539 476 2600 motivo
496 2537 618 2601 haeresis
641 2537 694 2600 sed
717 2537 832 2599 ratione
851 2535 1121 2618 consanguinitatis
1140 2543 1184 2600 aut

218 2627 349 2690 amicitia
362 2627 508 2690 haereticis
521 2627 638 2689 faveant
653 2623 754 2708 (thid,
768 2627 800 2687 n⁰
809 2627 890 2704 307).
910 2628 969 2686 «2⁰
984 2625 1183 2707 Depositio,si

221 2736 234 2773 o
260 2714 358 2776 clerici
379 2714 505 2792 fuerint,
526 2715 565 2778 ab
587 2714 671 2778 omni
693 2713 792 2777 officio
805 2719 836 2776 et
850 2711 1020 2792 beneficio,
1035 2732 1072 2776 ac
1084 2713 1183 2796 degra-

219 2825 234 2862 s
259 2802 351 2865 datio.
362 2807 394 2865 3⁰
401 2803 573 2867 lnhcbilitas
587 2802 626 2866 ad
636 2802 792 2885 quodlibet
810 2799 944 2864 officium
961 2807 992 2864 et
1009 2801 1184 2866 beneficium

220 2915 235 2954 u
260 2891 505 2956 ecclesiasticum.
520 2896 553 2954 4⁰
566 2891 773 2974 irregularitas
790 2908 845 2953 scu
858 2889 1028 2953 inhabilitas
1041 2891 1080 2952 ad
1092 2908 1185 2954 saenis

220 3003 235 3042 n
261 2979 382 3044 ordines
396 2981 602 3062 suscipiendos
625 2980 672 3044 vel
695 2978 878 3044 exercendos
891 2996 900 3041 ε
914 2977 961 3040 his
976 2979 1073 3042 tribus
1084 2980 1183 3061 poenis,

220 3093 235 3130 u
261 3069 407 3134 nimirum
416 3069 580 3152 privatione
589 3069 728 3132 omnium
741 3066 910 3130 officiorum
919 3072 950 3130 et
959 3065 1182 3139 beneficiorum,

222 3183 237 3220 s
262 3159 396 3242 itemque
409 3157 593 3222 inhabilitate
607 3157 646 3220 ad
659 3157 772 3240 quevis
790 3155 889 3218 officia
902 3161 932 3217 et
944 3154 1093 3218 beneficia
1109 3163 1136 3218 et
1151 3154 1184 3214 ir·

222 3271 237 3309 n
262 3247 453 3330 regularitate
467 3247 650 3310 mulctantur
662 3247 752 3308 etiam
762 3244 904 3322 lautores,
915 3249 1086 3326 receptores
1098 3251 1126 3307 et
1136 3241 1182 3302 de-

223 3359 238 3396 υ
265 3337 400 3400 tonsores
413 3333 642 3412 hereticorum,
657 3337 748 3414 atque
762 3333 897 3416 ipsorum
910 3331 996 3396 liberi
1010 3333 1049 3396 ad
1063 3333 1182 3416 primum

224 3446 239 3482 s
263 3432 294 3486 et
307 3424 474 3488 secundum
488 3424 615 3505 gradum
629 3441 683 3503 per
696 3423 807 3484 lineam
822 3427 1001 3503 paternam,
1017 3441 1071 3504 per
1084 3427 1182 3484 muter-

227 3529 242 3566 »
267 3527 339 3571 nam
353 3512 423 3573 verb
436 3512 474 3573 ad
488 3511 620 3592 primum
633 3508 761 3590 gradum
772 3508 927 3572 duntaxat.
942 3509 990 3573 Et
999 3511 1126 3593 quaen,
1140 3508 1179 3566 in·

227 3615 243 3653 s
267 3597 332 3674 quit
340 3599 453 3662 Bened.
464 3601 541 3678 XIV,
552 3599 596 3660 De
605 3597 723 3678 Syn...‚
734 3597 787 3660 lib.
800 3602 850 3678 13,
861 3617 928 3682 cap.
944 3603 995 3680 at,
1003 3607 1093 3682 pater
1104 3595 1182 3659 etiam
