2526 3988
135 225 137 227 ,
225 168 264 227 00
451 179 588 229 atroam:
608 179 709 226 renus
729 178 811 227 aotars
831 177 979 224 aaronica

148 333 153 340 .
226 279 381 342 testatione
396 277 428 342 in
442 278 638 341 contrarium»
661 277 733 340 Vide
749 275 927 340 Clementin.
948 276 1153 338 Instrumenta
1169 281 1202 350 1,

225 367 277 430 lib.
296 373 324 446 l,
341 369 385 431 tit.
403 373 451 432 ld.
1256 405 1257 445 q

264 461 354 521 5628.
370 461 410 506 4-
422 461 459 522 11.
471 459 657 542 Regulariter
671 458 780 522 actoris
790 463 965 540 procurator
980 453 1202 536 mandatolegi
1256 495 1257 534 3

226 547 300 609 timo
313 548 429 630 indiget
441 549 498 612 sub
512 553 601 631 poena
613 547 756 610 nullitatis
774 566 781 608 :
798 546 864 610 vide
875 564 942 628 cap.
958 543 1044 609 later
1056 553 1160 608 nostra
1172 549 1202 624 1,

226 637 270 698 tit.
286 641 336 715 38,
352 637 405 699 lib.
422 641 437 700 1
454 638 668 700 Decretalium.

265 727 420 809 Excipitur
443 730 475 790 l·
495 726 519 790 si
543 727 690 790 mandans
712 725 750 788 sit
776 743 910 808 praesens
929 729 958 787 el
981 723 1106 800 sciens;
1126 725 1161 787 2⁰
1180 724 1202 784 si
1256 785 1257 806 q

226 833 331 879 causas
340 822 466 880 tractare
479 817 653 894 consucvit,
668 823 699 878 et
711 833 816 878 secum
831 814 920 878 habet
934 813 1135 876 instrumenta
1148 832 1203 875 scu

223 905 292 969 'acta
305 924 420 980 causae;
435 909 468 968 3⁰
483 908 507 968 si
522 907 561 968 sit
573 924 698 969 consors
711 904 847 985 ejusdem
861 904 919 965 litis
933 903 976 982 (L.
994 901 1154 965 Commune
1167 907 1201 980 2,

226 991 1201 1078 cdcconsortr’bar,ejusdemtit.);l⁰slsintpersonaecon1unctae,
1256 1039 1257 1076 p

227 1093 366 1167 parentes
379 1092 409 1148 et
421 1085 526 1148 allines
537 1103 635 1168 usque
648 1083 687 1146 ad
700 1088 739 1145 4¹¹¹
755 1083 900 1165 gadum,
916 1081 962 1144 rel
976 1081 1001 1142 si
1018 1082 1056 1142 sit
1075 1083 1204 1144 maritus
1256 1125 1257 1166 3

227 1192 298 1256 erga
324 1193 469 1252 uxorem,
491 1175 581 1238 etiam
604 1172 704 1256 quoad
729 1173 809 1235 bona
832 1189 962 1254 quorum
983 1169 1204 1232 administratio

227 1265 321 1344 penes
340 1282 467 1340 uxorem
485 1270 637 1340 ronanam
655 1267 688 1325 5⁰
701 1281 773 1326 casu
791 1280 853 1342 quo
871 1261 1037 1343 Episcopus
1058 1258 1103 1321 rel
1119 1260 1202 1322 Prae-
1256 1317 1257 1340 q

223 1349 304 1414 'latus
326 1352 406 1416 bona
419 1359 448 1414 et
462 1355 531 1433 iura
551 1352 692 1415 Ecclesiae
706 1350 823 1434 perdit,
839 1355 891 1412 aut
916 1363 1033 1412 serrare
1052 1347 1201 1430 negligit,
1256 1403 1257 1430 q

228 1441 369 1504 Canonici
384 1442 446 1504 imd
460 1449 488 1504 et
498 1442 608 1524 singuli
622 1441 723 1505 clerici
738 1458 827 1522 agere
841 1445 967 1521 possunt
980 1455 1071 1518 super
1080 1436 1201 1512 iisdem,
1256 1491 1257 1522 q

228 1531 318 1593 etiam
332 1531 397 1594 sine
411 1531 551 1594 mandato
564 1531 650 1614 (Cap.
663 1531 747 1594 Licet
761 1534 775 1592 l
787 1577 795 1607 ,
808 1529 842 1592 de
857 1535 926 1590 rest.
942 1526 1028 1610 spol.;
1044 1543 1112 1608 cap.
1127 1526 1201 1590 Ciam
1256 1595 1257 1600 ἵ

228 1619 299 1681 olim
320 1623 379 1699 31,
397 1621 432 1684 de
451 1621 572 1685 testibus
589 1630 618 1684 et
635 1628 757 1698 attest.;
777 1637 844 1701 cap.
867 1616 904 1680 Si
923 1617 989 1700 quis
1009 1619 1043 1694 6,
1063 1615 1202 1678 derebus
1256 1667 1257 1672 ,

229 1709 324 1772 eccles.
349 1729 406 1772 non
418 1709 532 1788 aliem).
553 1745 592 1757 -
610 1713 681 1774 Haec
699 1709 747 1792 agi
766 1715 890 1791 possunt
904 1706 1028 1788 quidem
1041 1705 1098 1768 nisi
1121 1705 1203 1768 aliud

229 1805 378 1862 constaret
395 1799 434 1863 de
453 1801 605 1864 voluntate
626 1799 740 1862 domini
765 1817 821 1879 pre
841 1816 902 1879 quo
921 1795 1138 1874 interranum,
1158 1796 1202 1857 rel

230 1886 287 1948 nisi
298 1907 387 1951 causa
395 1889 460 1952 talis
470 1889 508 1952 sit
516 1889 684 1972 utspeciale
692 1887 869 1952 mandatum
880 1885 989 1967 exiget.
1000 1887 1044 1946 lta
1054 1883 1202 1947 Schrnalz·

230 1975 370 2058 grueber,
386 1997 436 2060 ap.
449 1979 555 2054 Bouix,
573 1979 617 2042 De
630 1977 742 2056 lodic,
758 1985 831 2040 tom.
849 1979 877 2048 l,
893 1995 924 2056 p.
940 1978 1010 2037 215.

270 2069 358 2131 5629.
374 2103 414 2113 -
430 2070 478 2131 lll.
498 2067 553 2130 Rei
568 2075 741 2150 procurator
755 2086 817 2130 non
831 2064 968 2130 absolute
988 2062 1102 2145 indiget
1115 2081 1202 2127 man·
1256 2119 1257 2148 q

230 2155 319 2218 dato:
334 2157 459 2239 quilibet
472 2159 554 2220 enim
565 2176 601 2220 ex
612 2159 648 2220 iis
663 2157 715 2239 qui
730 2158 761 2218 in
773 2155 887 2234 judicio
898 2161 975 2216 stare
986 2153 1095 2229 valent,
1108 2161 1203 2234 polest
1256 2209 1257 2236 ξ

230 2245 271 2306 rei
287 2245 416 2308 absentis
430 2265 494 2308 sesa
509 2253 735 2324 procuratorem
748 2251 795 2308 vel
804 2242 993 2310 defensorem
1004 2241 1201 2319 constituere,

230 2333 322 2396 modo
336 2341 437 2396 tamen
451 2335 523 2397 satis
534 2341 655 2418 praestet
666 2354 721 2416 pro
732 2334 865 2415 judicato
879 2325 1037 2408 solvendo,
1051 2335 1081 2393 et
1094 2333 1205 2395 cautio

232 2441 302 2484 nem
316 2422 366 2486 det
385 2423 423 2486 da
446 2433 530 2504 rato,
546 2442 693 2507 casuque
708 2441 777 2487 reus
791 2421 968 2487 convenitur
985 2421 1105 2484 actione
1120 2422 1202 2484 reali.

230 2513 273 2574 lta
283 2511 334 2591 J'us
348 2531 508 2578 romanum
523 2515 554 2576 in
567 2513 626 2577 hoc
635 2514 673 2576 ab
688 2513 821 2578 Ecclesia
833 2511 1010 2576 admissum.

270 2602 320 2663 lv.
346 2605 383 2667 Ut
401 2603 577 2666 mandatum
598 2598 731 2685 legitime
752 2602 848 2666 lormt
867 2600 1027 2682 vestiatur,
1044 2601 1206 2683 requiritur

231 2697 265 2753 ut
278 2698 406 2772 ponatur
429 2711 540 2756 nomen
564 2693 789 2771 constituentis,
809 2689 1011 2774 procuratoris
1031 2690 1204 2768 constituti,

232 2781 340 2842 actoris
363 2787 469 2844 contra
491 2800 600 2863 quem,
618 2781 729 2862 iudicis
748 2780 829 2864 apud
852 2797 944 2863 quem
965 2779 1203 2861 satagendum,

233 2867 361 2949 qualitas
374 2887 473 2932 causae
485 2869 653 2950 mandatae,
668 2869 733 2934 dies
746 2877 775 2933 et
788 2887 886 2933 annus
908 2887 915 2930 :
932 2867 973 2930 ita
991 2869 1202 2932 communiter.

111 3035 115 3042 ι
232 2956 307 3019 Vide
320 2955 466 3020 formulas
484 2959 564 3041 apud
580 2961 691 3040 Bouix,
702 2960 740 3024 ad
749 2960 862 3024 calcem
878 2957 952 3020 tomi
963 2961 994 3036 2,
1010 2955 1055 3020 De
1067 2956 1204 3019 dediciis.

272 3045 350 3110 Falsi
365 3049 567 3132 procuratoris
580 3051 732 3132 exceptio,
743 3069 806 3112 non
820 3048 919 3111 solum
934 3053 1004 3110 anta
1013 3047 1204 3118 sententiam,

233 3135 454 3200 verumetiam
481 3145 583 3219 postea
605 3139 693 3219 objici
717 3144 832 3222 polest,
866 3145 969 3219 utpote
995 3137 1056 3218 qut
1083 3136 1206 3218 panna

230 3224 378 3307 jndicium
389 3227 502 3290 nullum
515 3235 670 3310 reputatur
682 3229 720 3309 (o.
732 3234 752 3292 1
766 3235 796 3292 et
806 3233 837 3307 5,
852 3227 887 3289 de
897 3245 1016 3309 procur.
1026 3225 1057 3288 iu
1067 3229 1122 3308 6⁰).
1138 3226 1206 3290 lide

234 3314 321 3377 Card.
339 3315 439 3397 Soglia
452 3317 544 3398 (last.¹
556 3317 623 3398 jar.
637 3319 731 3400 priv„
746 3319 765 3400 ᾖ
778 3319 858 3396 107).

273 3407 362 3468 5630.
380 3406 501 3478 Ouaerit.
518 3410 551 3469 5⁰
562 3409 706 3478 Quaenam
718 3409 754 3470 sit
769 3414 998 3490 procuratorum
1011 3405 1169 3491 poteslas‘l

273 3494 363 3574 ltesp.
387 3495 411 3556 I.
436 3495 620 3558 Generaliter
643 3503 772 3578 potestas
794 3505 1024 3579 procuratorum
1046 3495 1207 3560 extendere

236 3599 268 3643 se
282 3599 344 3643 non
357 3580 445 3646 debet
459 3584 537 3648 ultra
555 3603 591 3648 ca
610 3605 679 3668 quae
698 3587 741 3650 cis
761 3585 880 3650 lucrant
900 3585 1042 3650 mandata
1057 3605 1064 3647 :
1082 3584 1209 3668 proinde
