2462 3984
189 173 246 232 ttt
269 145 272 152 ¹
399 139 542 234 'uruutm
561 183 662 232 roaros
682 183 763 232 ruere
784 181 933 233 oenomai.

187 301 249 346 non
263 283 352 347 detur
365 283 524 367 appellatio
542 285 561 348 le
579 284 728 348 sentcntit
743 285 858 348 notorie
872 284 1013 366 invalida,
1028 307 1079 352 seu
1091 289 1144 372 ipo

184 375 253 452 jure
269 373 351 436 nulla
365 377 442 455 (cap.
458 371 596 434 Relatum
610 378 641 452 t,
664 373 699 436 de
712 373 813 452 cleric,
832 393 888 436 aon
906 375 1025 460 read),
1039 379 1105 460 quia
1121 379 1146 440 iu

187 461 246 524 hoc
269 480 342 527 casu
365 463 473 525 sufficit
494 462 614 545 querela
637 461 803 542 oollitotis,
827 481 896 546 qum
917 465 1046 548 proponi
1066 475 1147 548 potest

187 549 279 613 etiem
292 568 396 614 coram
407 550 509 631 judice
522 551 540 612 d
553 569 629 633 quo:
641 549 828 614 consuetudo
842 559 943 614 tamen
958 557 1147 634 generalised

188 646 221 702 ut
235 647 420 723 proponatur
434 640 500 704 haec
513 639 636 723 querela
648 659 752 704 coram
759 639 861 722 judice
874 641 1106 724 appellationis„

228 731 262 792 ln
276 729 369 793 dubio
388 730 427 794 de
448 730 582 792 nullitate
603 729 780 807 sententiae,
801 729 975 793 alternative
995 733 1055 814 peti
1069 741 1149 816 potest

188 820 235 884 vel
249 829 282 882 ut
295 819 463 883 declaretur
477 819 578 896 nulla,
598 819 644 882 vel
662 825 697 882 ut
716 819 884 900 corrigatur
902 819 928 881 si
946 820 1044 884 volida
1059 824 1150 886 sitite

190 909 458 993 Schmolzgrucber
471 911 531 991 (ep.
547 909 654 985 Bouix,
670 908 725 984 id,
740 928 772 991 p.
788 911 868 989 250).

230 1005 317 1065 5978.
331 999 520 1082 Apudquem
530 997 688 1080 appellatio
698 997 761 1060 sreri
770 1000 864 1079 possit
872 1000 1051 1079 autdebeat,
1062 1007 1091 1064 ct
1098 1003 1152 1064 ani

190 1109 385 1173 quocumque
395 1089 482 1151 liceat
489 1087 648 1170 appellari,
660 1086 727 1150 vide
736 1086 816 1149 diota
825 1107 915 1170 supra
928 1092 1094 1169 (ooo-662).
1109 1091 1153 1151 lli·

190 1181 261 1243 dem
275 1179 385 1244 dicitur
398 1177 480 1260 qudd
492 1177 652 1260 appellatio
665 1177 703 1239 sit
721 1177 903 1241 notificanda
912 1177 1009 1258 judici
1022 1179 1042 1240 ἀ
1055 1199 1119 1262 quo,
1131 1183 1154 1241 et

191 1269 372 1352 expenditur
385 1267 511 1350 quaestio
529 1285 568 1329 an
581 1265 715 1347 legitime
729 1265 820 1347 possit
839 1265 981 1348 appellari
995 1267 1034 1329 ab
1043 1267 1154 1330 Officiali

192 1359 328 1422 dioecesis
340 1358 378 1420 ad
392 1356 533 1420 eumdem
547 1363 697 1437 quatenus
709 1360 753 1418 est
764 1355 904 1417 Otlrcialis
922 1355 1154 1420 Arclridioacesis.

232 1453 320 1511 5979.
339 1447 460 1521 Oderit.
474 1448 505 1508 3⁰
520 1443 678 1518 Quomodo
695 1450 725 1507 et
735 1446 795 1526 qud
809 1443 906 1507 forma
921 1445 1084 1526 appellatio
1102 1443 1156 1508 ficri

193 1538 327 1600 debeat'l

234 1632 324 1710 Resp.
340 1629 364 1690 1.
380 1626 411 1689 Si
426 1625 591 1708 appelletur
604 1623 807 1700 incontinenti,
818 1641 872 1686 seu
882 1622 989 1686 ludica
1001 1623 1102 1688 adhuc
1112 1642 1157 1706 pro

194 1718 335 1782 tribunali
350 1716 485 1792 sedente,
499 1713 659 1798 appellatio
674 1711 738 1775 fieri
752 1719 850 1794 potest
864 1713 929 1775 viva
942 1731 1034 1788 voce,
1050 1721 1082 1776 et
1095 1723 1158 1776 tunc

195 1809 302 1872 sufficit
317 1803 598 1888 dicereuppellovel
610 1821 733 1884 prouoco
747 1803 854 1881 (itajus
867 1802 978 1866 lustin.
995 1801 1045 1863 lex
1055 1802 1156 1878 Sedu,

194 1901 226 1962 ff.
236 1899 270 1962 de
285 1896 404 1982 appell,
417 1895 448 1957 in
460 1895 517 1956 hoo
528 1890 866 1972 aonolesiltadmisso).
882 1891 912 1953 Si
923 1891 1159 1975 appelleturpost

195 1989 405 2065 intervallum,
422 1982 581 2068 appellatio
595 1979 659 2042 lieri
678 1979 766 2042 debet
786 1999 839 2063 per
852 1977 988 2042 libellum
1002 1981 1159 2063 appellato

195 2083 287 2145 rium.
303 2081 373 2161 (Lex
386 2077 413 2139 A
429 2071 572 2137 cententid
585 2074 616 2147 5,
629 2069 661 2131 ff.
675 2067 709 2132 de
721 2069 845 2152 appell.)

950 1 1201 231 ,ψ

236 2175 324 2234 5980.
335 2201 373 2216 —
383 2169 420 2227 tt.
433 2167 466 2225 ln
479 2161 579 2223 libello
593 2159 720 2241 exprimi
731 2157 821 2221 debet
829 2159 897 2242 quis
909 2159 1051 2242 appellet,
1062 2167 1162 2224 contra
1207 2217 1208 2224 ,

197 2279 307 2342 quem,
329 2263 360 2318 et
381 2254 476 2334 aquo
498 2249 646 2312 sententia
669 2251 747 2327 (can.
771 2247 845 2310 Post
867 2247 1095 2331 appellationem
1115 2255 1160 2326 31,

196 2367 297 2412 causa.
309 2352 338 2424 t,
350 2365 381 2427 q.
391 2345 432 2422 6).
444 2343 510 2404 Non
521 2346 566 2401 est
577 2337 772 2420 exprimenda
782 2356 873 2402 causa
881 2339 912 2400 in
925 2340 1035 2421 specie,
1046 2339 1100 2402 sed
1111 2339 1162 2402 sul·

197 2438 259 2502 ficit
272 2442 306 2501 ut
319 2433 474 2518 appellans
489 2429 570 2493 dicat
586 2427 617 2489 in
632 2445 743 2508 genere
759 2445 791 2491 se
805 2433 961 2511 paratum
980 2445 1064 2507 esse,
1079 2430 1124 2492 vel
1140 2427 1162 2490 si

197 2527 276 2591 dicat
297 2523 434 2610 appello:
448 2519 519 2604 quia
540 2517 579 2581 de
601 2515 651 2580 itte
674 2517 765 2578 coust
774 2517 868 2598 judex
889 2516 907 2579 d
926 2536 982 2599 quo
996 2532 1060 2580 non
1079 2517 1163 2582 debet

198 2635 398 2699 cognoscere3
413 2613 516 2694 excipe
530 2609 555 2671 si
568 2605 726 2690 appellatio
740 2605 825 2669 lieret
838 2607 870 2668 in
883 2605 1028 2669 casibusa
1039 2608 1109 2686 jure
1121 2606 1162 2668 rel

198 2708 237 2769 ab
250 2706 373 2768 homino
386 2701 543 2785 prohibitis
557 2717 565 2759 :
579 2716 649 2760 nam
665 2699 737 2760 cdm
757 2714 794 2759 eo
810 2713 880 2759 casu
895 2695 1051 2778 appellans
1063 2701 1162 2760 oontra

199 2814 231 2860 sc
252 2794 359 2858 habeat
375 2793 453 2873 juris
468 2788 756 2872 praesumptionem,
773 2803 836 2847 non
854 2791 971 2847 tenetur
985 2783 1082 2864 judex
1100 2787 1162 2864 ,ejus

199 2882 390 2967 appellationi
404 2879 534 2952 deterre,
551 2877 610 2940 nisi
624 2875 777 2959 appellans
786 2873 893 2956 alleget
903 2891 1027 2936 causam
1040 2875 1163 2937 rationa-

199 2974 291 3037 bilem
301 2972 341 3035 ob
351 2987 443 3054 quam
453 2974 548 3032 cessat
561 2967 617 3029 ista
626 2963 830 3048 praesumptio.
846 2966 888 3024 tta
902 2963 1162 3046 Schmalzgrucber

200 3062 291 3148 (apud
307 3061 418 3138 Bouix,
433 3057 488 3135 it,
501 3077 532 3139 p.
549 3060 630 3136 att).

241 3157 283 3216 De
297 3151 334 3215 iis
347 3168 415 3233 quae
435 3145 600 3229 specialiter
617 3147 805 3208 concernunt
821 3139 1053 3224 appellationem
1066 3143 1085 3206 lt
1097 3161 1162 3206 sen·

59 3339 69 3342 -
200 3253 293 3318 tentia
307 3245 539 3324 interlocutorio,
554 3243 621 3307 vide
635 3243 727 3306 Bouix
740 3241 809 3324 (it,
824 3260 855 3323 p.
872 3241 953 3322 etc).

242 3347 332 3408 598t.
345 3339 423 3402 Noto
435 3333 516 3418 qudd
524 3332 723 3416 peregrinatio
732 3331 769 3395 ad
778 3331 887 3395 Sedern
897 3330 1097 3412 Apostolicam
1105 3331 1161 3394 virn

203 3443 233 3495 et
246 3431 386 3496 ellectum
398 3426 505 3490 habeat
518 3421 735 3506 appellationis,
745 3419 911 3484 dummodo
924 3427 1026 3483 secuta
1039 3421 1078 3483 sit
1089 3421 1162 3482 intra

205 3521 311 3580 decem
334 3518 437 3580 diest
465 3514 524 3576 lota
546 3511 694 3573 sententia
721 3529 776 3572 seu
801 3509 840 3571 ab
862 3509 943 3572 illato
974 3510 1160 3591 gravamine,

209 3603 355 3680 fueritque
372 3603 508 3664 intimato
522 3599 618 3679 judici
633 3601 710 3679 (cap.
726 3597 837 3662 littero·
849 3597 911 3678 filii
924 3599 963 3661 ΒΞ
975 3643 983 3678 ,
997 3597 1032 3662 tle
1043 3597 1161 3680 appeciit
