2452 3984
441 275 527 324 unm
546 271 678 323 marrus.
993 257 1049 320 tas

110 373 239 449 Quando
259 377 354 438 lestm
372 377 456 436 extra
477 372 578 434 locum
594 371 700 452 judicii
721 371 863 450 existunt,
887 371 964 436 solet
982 371 1047 435 tieri

70 465 207 546 ipsorum
228 464 398 527 nominatio
411 467 442 524 et
459 467 603 543 petuntur
620 462 726 524 litterae
738 461 990 524 commissoriales
1002 462 1047 524 vol

70 553 291 616 remissoriales
304 551 342 615 ad
357 558 457 634 partes
470 569 538 632 quae
549 549 720 632 diriguntur
726 549 880 632 judicibus
889 551 1048 616 ordinariis

72 639 1048 724 locoruminquibustestesexaminandiinveniuntur,dummodo

40 730 42 734 ’
73 735 92 794 ii
108 731 225 811 judiees
238 731 374 814 partibus
387 749 450 793 non
470 729 582 793 tuerint
602 729 731 812 suspecti
737 745 746 800 ;
762 729 893 812 acceptis
909 729 956 791 bis
970 729 1048 793 litte·

73 823 130 898 ria,
144 819 241 900 Judex
256 820 465 884 remissorialis
475 824 685 902 monetpartes
694 818 732 882 de
741 823 878 901 tempore
890 819 1006 896 etlouo,
1015 823 1050 882 ut

73 916 237 993 presentes
247 910 308 974 sint
321 910 452 974 examini
466 909 603 984 testium,
617 914 648 971 et
658 909 723 971 illos
736 909 888 972 examinat
899 927 990 991 super
1000 927 1049 970 ar·

72 999 173 1062 ticulis
195 1000 305 1062 actoris
322 1005 352 1062 et
372 998 608 1081 interrogatoriis
626 999 688 1074 rei,
703 996 749 1061 vel
768 999 957 1061 econverso.
977 996 1050 1062 vide

73 1089 183 1166 Bouix,
198 1087 244 1153 De
256 1087 370 1166 ludio,
384 1095 459 1151 tom.
475 1091 505 1166 2,
519 1107 550 1170 p.
567 1090 638 1164 tua,
653 1091 723 1150 tut.

112 1193 206 1255 6054.
220 1227 260 1238 —-
273 1194 312 1255 X.
335 1191 380 1254 De
393 1189 593 1274 publicatione
615 1189 743 1252 testium.
762 1189 908 1253 Absolute
927 1190 1049 1255 testium

72 1283 214 1345 examine
245 1281 463 1365 completisque
496 1279 742 1362 probationibus,
774 1280 808 1341 tt
830 1280 991 1362 publicatio
1016 1283 1048 1346 in

72 1373 183 1450 causa,
205 1389 260 1454 per
279 1389 372 1453 quam
395 1368 625 1432 manifestantur
645 1369 766 1450 utrique
789 1369 867 1450 parti
889 1369 969 1434 dicta
989 1377 1048 1435 tes-

72 1462 162 1526 tium.

113 1568 205 1628 6065.
221 1567 322 1627 -ΧῙ,
346 1564 390 1626 Ile
410 1562 529 1646 repulso
547 1572 576 1626 et
599 1563 801 1645 reprobatione
826 1567 957 1630 testium.
978 1567 1050 1631 Post

73 1653 228 1736 praelatam
241 1653 476 1735 publicationem
485 1654 546 1735 peti
556 1653 631 1716 solet
641 1653 678 1715 ab
691 1672 753 1716 uno
763 1655 993 1736 exlitigantibus
1005 1675 1050 1719 re

75 1743 203 1826 pulsatio
225 1761 279 1805 seu
302 1742 471 1824 reprobatio
496 1743 616 1804 testium
635 1743 894 1822 examinatorum,
919 1745 1001 1826 quod
1016 1746 1048 1807 fit

76 1851 129 1913 per
141 1831 356 1894 adductionem
363 1831 491 1894 aliorum
500 1831 620 1894 testium
631 1849 685 1912 pro
695 1831 753 1892 atio
766 1838 864 1912 parte,
881 1835 933 1914 qui
945 1833 1049 1896 dicun-

77 1929 125 1982 tur
137 1927 227 1984 testes
241 1919 456 2003 reprobatorii,
471 1925 502 1983 et
515 1920 592 1982 intra
605 1920 768 1982 terminum
779 1919 965 2001 assignatum
980 1929 1049 1985 sunt

75 2009 280 2072 examinandi.
303 2010 465 2074 Terminus
489 2015 590 2071 autem
607 2007 737 2090 repulsae
757 2015 802 2070 est
823 2008 967 2072 medietas
988 2018 1050 2074 ter·

75 2099 149 2161 mini
172 2099 361 2181 probatorii,
388 2105 419 2160 et
441 2099 535 2161 currit
559 2098 597 2160 de
615 2102 771 2160 momento
793 2096 832 2160 ad
846 2105 1047 2167 momentum.

74 2187 201 2270 Expleto
222 2191 294 2250 vcro
306 2188 445 2251 examine
465 2187 586 2250 testium
599 2186 875 2271 reprobatoriorum
893 2185 927 2251 fit
948 2188 1048 2272 publi·

74 2279 151 2340 catio
163 2279 197 2340 in
211 2277 302 2340 causa
313 2277 453 2359 repulsa.

112 2394 205 2454 6056.
221 2393 334 2454 -ΧΙΙ,
358 2391 401 2454 De
415 2390 532 2474 repulso
546 2389 681 2474 repulsu.
699 2391 729 2454 Si
744 2392 837 2456 altera
856 2411 928 2476 pars
942 2411 1047 2474 repro-

74 2479 144 2543 bare
157 2479 289 2542 uoluerit
308 2485 398 2542 testes
417 2479 654 2562 reprobator-ios,
671 2487 772 2562 petere
792 2487 888 2560 potest
901 2482 1048 2563 repulsam

74 2569 218 2651 repulsae,
237 2567 265 2630 id
276 2573 321 2630 est
330 2569 422 2630 alium
435 2569 598 2631 terminum
608 2567 647 2630 ad
658 2568 870 2650 repulsandum
884 2575 973 2632 testes
982 2589 1050 2632 exa·

73 2659 206 2719 minutos
219 2673 275 2738 pro
284 2657 404 2738 repulsa
415 2657 537 2720 testium
550 2657 790 2719 examinatorum
800 2660 831 2718 in
841 2659 972 2721 termino
982 2678 1049 2741 pro·

74 2745 209 2809 baterio:
226 2745 281 2808 iste
301 2751 403 2808 autem
417 2746 565 2808 terminus
578 2745 771 2808 brevissimus
785 2763 850 2808 esse
870 2746 968 2812 debet.
991 2750 1047 2812 Pe·

73 2842 155 2896 racto
166 2834 228 2896 hoc
241 2835 380 2897 examine
394 2833 427 2896 fit
443 2833 545 2898 denuo
557 2834 733 2915 publicatio,
749 2841 780 2898 et
794 2835 970 2918 regulariter
985 2857 1046 2903 non

73 2921 162 2987 datur
178 2923 256 2986 alius
270 2925 428 2988 terminus.

111 3037 259 3098 6057.-
272 3036 350 3097 Xlll.
376 3035 422 3099 Ile
446 3033 678 3098 conclusionem
702 3037 799 3100 cousd.
825 3037 1047 3102 Consummatis

72 3123 218 3186 omnibus
228 3123 456 3205 probationibus
465 3123 498 3185 fit
508 3124 661 3188 conclusio
672 3127 703 3186 in
711 3127 800 3189 causa
811 3146 818 3186 ε
831 3143 867 3188 ex
878 3143 939 3206 quo
949 3127 1048 3188 evenit

73 3217 107 3274 ut
129 3231 193 3276 non
216 3212 332 3294 possint
350 3213 429 3276 ultra
448 3212 514 3276 lieri
529 3212 737 3295 probationes,
753 3233 792 3278 ne
812 3231 911 3278 causae
926 3213 1047 3277 immor·

72 3301 148 3363 tales
157 3301 295 3365 evadant.
311 3301 386 3366 Vide
399 3301 479 3365 dicta
491 3321 582 3384 supra
596 3303 711 3383 (5947).

113 3416 193 3477 xtv.
216 3414 261 3476 Dr
279 3413 437 3478 monitione
458 3415 499 3476 cd
515 3411 700 3496 ullepoodum
723 3420 754 3476 in
768 3411 843 3494 jure
863 3419 893 3475 ct
912 3410 944 3472 in
956 3411 1046 3494 forto.

73 3501 181 3567 Postea
193 3503 325 3565 citantur
345 3509 446 3586 partes
459 3503 497 3566 ad
515 3501 678 3566 dicendum
693 3508 722 3564 et
737 3499 929 3583 allegandum
943 3520 1046 3566 coram

73 3591 193 3670 judice,
207 3610 263 3675 per
283 3609 317 3655 se
330 3593 376 3655 vel
390 3610 443 3674 per
461 3592 619 3657 advocatos
637 3589 785 3671 quidquid
799 3595 845 3652 cst
864 3589 895 3652 in
916 3589 1046 3652 lavarem

76 3695 187 3742 causae.
