2452 3984
420 256 506 302 nram
527 255 656 300 renatos.
737 243 740 251 '
957 239 1013 298 all

45 373 185 418 scoram
208 353 349 416 tidotibus
370 353 490 436 publica
514 353 651 432 abiurare
674 352 890 433 apostasiam...
907 359 938 416 et
958 351 1017 414 im·
1140 381 1143 386 ·
1190 406 1199 415 .,

44 464 56 500 a
79 443 184 524 plicita
208 443 289 525 apud
311 442 467 516 infideles,
493 440 671 504 abstinendo
691 441 729 503 ab
747 443 863 506 actibus
887 441 1018 505 infideli-

44 554 56 588 »
79 533 167 608 tatis,
184 538 215 594 ct
228 530 410 612 deponendo
424 531 580 593 habiturn?
590 530 902 594 Sanctissimusllom.
918 537 1019 594 noster

44 643 56 676 a
78 621 201 683 censuit
221 626 371 702 apostatae
385 622 402 682 a
417 620 476 682 tide
491 620 653 682 redeuntes
670 619 708 680 ad
728 619 936 702 poenitentiam
956 639 1018 684 non

45 731 56 763 r
80 708 180 771 teneri
194 709 234 771 ad
249 707 450 788 abjurandam
464 707 645 790 apostasiam
661 707 783 789 publica
798 727 901 772 coram
910 708 1018 772 intide·

35 803 58 852 ἰ
80 797 181 874 libus3
195 796 248 860 aed
260 796 400 860 sufficere
413 803 448 858 ut
462 815 529 859 eam
542 796 721 875 abjurent...
736 813 840 861 coram
853 796 994 860 fidelibus
1008 843 1017 876 ‚

45 879 318 948 rabalinendose
344 885 384 948 ab
410 885 525 948 actibus
552 884 753 963 infidelitatis,
781 904 817 948 ac
838 885 1019 968 deponendo

46 992 62 1034 a
78 971 219 1036 habiturn
230 972 415 1052 infidelium,
428 980 577 1056 quatenus
589 975 628 1036 sit
636 973 845 1056 protestativns
858 973 941 1037 telsae
954 975 1019 1038 reli·

46 1061 212 1144 agionis:
234 1062 259 1124 si
283 1063 353 1124 verd
378 1063 417 1124 sit
442 1063 636 1144 aequivocus,
659 1081 748 1144 posse
774 1062 862 1126 illum
886 1061 1017 1127 deterre.

46 1173 60 1212 r
79 1151 169 1223 Quad
179 1150 205 1213 si
218 1169 257 1214 ex
270 1150 319 1232 illa
329 1149 491 1229 delatione,
501 1151 618 1214 ratione
632 1169 786 1232 personae,
797 1151 1020 1234 aliquaoriatur

45 1260 58 1300 a
79 1237 228 1321 suspicio,
241 1239 335 1302 teneri
349 1239 574 1321 aufugerecirm
588 1239 722 1320 primam
735 1241 882 1322 poterit.»
897 1239 1020 1325 (ceap-

45 1327 124 1406 oodo,
140 1327 199 1408 ia,
215 1337 249 1389 η’
263 1329 330 1406 13.)
583 1393 587 1404 ,

79 1417 252 1480 11110.-2ο
260 1415 415 1498 apostasia
427 1419 446 1478 a
459 1421 537 1480 statu
549 1415 691 1498 religioso
699 1423 745 1480 est
753 1417 915 1483 criminosa
923 1419 1019 1500 abjec

46 1503 84 1567 tio
100 1505 171 1568 ritae
192 1506 364 1568 monasticae
384 1505 561 1568 solemniter
579 1504 739 1588 protessae,
763 1525 834 1570 cum
855 1509 957 1572 animo
980 1509 1016 1574 ad

47 1595 182 1676 regulare
203 1595 376 1656 Institutum
400 1613 461 1656 non
486 1593 615 1677 amplias
635 1593 807 1659 redeundi:
832 1595 871 1659 de
893 1601 929 1660 ea
949 1599 1018 1670 satia

46 1681 176 1747 diximus
191 1702 282 1766 supra
297 1683 500 1764 (aona-3084).

84 1775 249 1836 alla-3⁰
265 1771 419 1853 apostasia
433 1773 548 1834 asaoro
561 1771 668 1835 ordine
682 1771 783 1835 locum
796 1772 886 1837 habet
896 1775 1018 1856 quando

50 1859 171 1924 clericus
191 1862 224 1922 in
248 1859 341 1924 sacris
361 1861 564 1940 constitutus,
588 1861 699 1924 relictis
719 1861 823 1924 habitu
845 1869 875 1924 ct
895 1867 1018 1932 tonsura

52 1951 249 2028 clericalibus,
270 1949 367 2028 vitam·
384 1949 560 2012 saecularem
589 1955 642 2013 aut
664 1954 775 2012 statum
797 1951 931 2034 conjugii
953 1965 1018 2014 am·

50 2039 196 2118 plectitur.

88 2130 184 2192 Poenis
208 2129 407 2210 sequentibus
427 2128 561 2190 minatur
586 2127 633 2190 vel
654 2125 795 2209 plectitur
821 2133 954 2210 apostata
980 2129 1019 2192 ab

48 2217 149 2280 ordine
174 2238 181 2279 :
207 2221 239 2280 {⁰
263 2218 592 2296 excommunicatione,
616 2233 679 2278 non
704 2215 828 2298 quidem
852 2216 919 2280 latae
946 2218 1018 2298 (nist

50 2307 271 2369 matrimonium
285 2305 463 2370 contrahere
477 2307 714 2388 presumpserit)
732 2305 785 2368 sed
803 2305 934 2370 terendae
948 2326 1017 2370 sen-

48 2397 144 2458 tentiaa
158 2399 206 2473 (ex
220 2414 288 2477 cap.
305 2398 320 2457 1
337 2395 382 2458 De
399 2395 567 2478 amictis,
583 2401 612 2457 at
631 2395 777 2457 Clamant.
794 2395 884 2458 unica
901 2395 936 2458 dc
956 2415 1019 2458 con-

48 2503 125 2564 sonp.
140 2493 169 2546 et
181 2485 296 2566 affin.J;
311 2487 343 2546 2·
360 2483 516 2546 habendus
530 2489 575 2546 est
588 2489 622 2546 ut
632 2483 696 2564 ipso
711 2481 788 2544 iacto
802 2481 923 2544 iniamis
938 2486 1016 2565 (cap.

50 2573 145 2633 alieni
157 2577 206 2643 23,
224 2577 353 2652 oausaa,
369 2593 400 2655 q.
411 2578 454 2652 ⁸1),
470 2571 651 2654 proindeest
663 2569 849 2650 irregularis;
865 2571 897 2632 3⁰
911 2573 1019 2636 amittit

49 2661 233 2744 privilegium
245 2662 372 2726 canonis
383 2663 470 2742 J'uxta
483 2661 562 2724 dicta
576 2659 715 2741 superius
729 2661 840 2738 (l687);
856 2661 888 2720 4⁰
901 2661 1016 2726 manci·

51 2752 107 2827 pari
116 2757 216 2832 posset
222 2750 301 2814 duro
309 2751 423 2814 carceri
437 2749 475 2812 ab
484 2749 652 2832 Episcopis,
661 2748 746 2828 juxta
756 2749 862 2831 capa
877 2747 971 2814 Nobis
983 2755 1015 2833 5,

51 2836 83 2897 de
93 2840 263 2922 apostatis:
277 2839 331 2902 scd
344 2840 402 2903 hoc
416 2838 497 2921 apud
511 2857 567 2900 nos
581 2837 645 2902 fieri
660 2838 777 2919 nequit.

458 3018 539 3083 alil.
563 3019 597 3082 ll.

422 3145 466 3192 oa
488 3145 635 3194 aaaron

88 3289 169 3351 tila.
184 3323 225 3336 -
238 3291 263 3352 1.
280 3288 411 3352 Haeresis
429 3287 612 3351 considerari
634 3293 732 3370 potest
750 3289 797 3352 vel
816 3292 848 3350 l·
867 3287 899 3348 in
917 3307 946 3349 se
960 3305 1015 3350 seu

33 3371 200 3456 ,objectiva
221 3383 253 3440 ct
274 3377 318 3440 sic
335 3382 467 3459 spectata
490 3385 535 3440 est
556 3379 679 3439 assertio
697 3376 907 3439 contradicens
924 3377 1012 3440 alicui

51 3463 153 3528 veritati
161 3486 231 3548 quae
239 3467 279 3530 ab
289 3467 424 3529 Ecclesia
433 3467 610 3550 proponitur
618 3468 789 3547 tanquama
801 3465 1010 3545 Damaratam,

36 3557 78 3631 ¹el
90 3555 208 3632 proinde
222 3555 261 3616 ab
275 3554 419 3619 omnibus
437 3555 524 3618 firma
540 3555 598 3617 tide
619 3553 764 3626 tenenda3
777 3552 822 3613 vel
837 3557 867 3614 2⁰
881 3553 912 3616 in
932 3554 1009 3618 tadi-

53 3641 127 3704 cirino
141 3663 193 3708 seu
212 3643 392 3728 sutjactivd,
406 3651 436 3707 et
453 3647 497 3707 sic
515 3651 560 3708 est
576 3662 660 3706 error
674 3641 858 3704 voluntarius
875 3650 903 3704 at
924 3646 1011 3724 perti·

155 3766 186 3812 r.
200 3763 243 3818 rr·
871 3749 890 3808 't
