2504 3990
445 239 529 290 elren
549 241 680 287 rennos.
983 219 1042 286 385

72 351 132 408 tutu
145 342 347 408 communitas
361 339 562 416 interdicitur3
572 339 754 421 particulare
768 345 811 402 est
826 337 948 420 quondo
959 339 1043 402 loeus

71 433 118 497 rel
133 453 260 516 persona
270 431 480 505 determinata,
495 436 547 491 uut
562 447 698 511 persone
712 427 905 490 inindividuo
919 427 1043 490 interdi-

73 531 194 586 cuntur.
211 525 253 599 (S.
269 523 349 604 Lig.,
365 519 420 598 ile,
437 531 471 582 n⁰
484 520 566 600 329.)

108 613 280 676 enuntiem
291 607 484 672 interdictum
492 607 726 690 esteonrpletum
735 607 781 670 vel
791 607 1045 692 proporteeprius

73 719 181 766 omnes
190 699 315 764 effeetus
328 696 487 761 interdicto
497 715 634 779 proprios
643 696 883 779 comprehende
898 697 1046 780 posterius

74 789 223 873 quosdam
237 789 336 853 solinu
350 787 429 850 illius
447 785 572 850 effeetus
589 785 748 868 producit,
763 791 854 868 prout
870 791 950 849 esset
967 805 996 848 u.
1013 807 1043 868 g.

75 878 268 942 interdictum
280 877 318 940 ab
332 874 539 939 Eeelen'astied
555 875 723 958 sepulturi,
737 875 783 938 vol
802 875 995 938 interdictum
1009 877 1047 937 ob

76 968 208 1050 inpressu
222 966 357 1030 ecelesiae.
374 963 456 1028 Note
466 962 546 1042 qudd
560 965 753 1030 interdietunr
763 964 801 1026 od
814 964 945 1046 inpressu
958 963 1018 1026 eeel
1034 997 1045 1010 -

74 1058 130 1120 sier
142 1055 258 1119 differet
271 1059 288 1118 ὲ
303 1054 501 1138 suspensione
515 1055 553 1116 ub
566 1072 705 1135 ingressu
719 1053 853 1116 eeclesiae
869 1074 877 1114 :
894 1072 947 1136 per
960 1053 1047 1114 istarn

76 1145 160 1208 enirn
170 1193 179 1224 ,
191 1147 276 1226 juxte
292 1145 472 1220 Barbosom,
488 1143 613 1226 intelligi
625 1143 714 1206 deburt
724 1143 883 1225 suspensio
895 1143 913 1206 ἁ
924 1142 1045 1206 divinis.

77 1234 153 1298 Vide
176 1233 402 1314 Stremler(Des
421 1233 521 1317 peiner
542 1233 660 1310 ecelin,
688 1252 719 1316 p.
744 1235 824 1312 3t7).
856 1233 1049 1295 Interdictum

76 1326 149 1387 verd
175 1326 213 1386 ob
239 1324 371 1408 inpressu
388 1323 515 1386 ecetesiee
532 1321 626 1405 privat
642 1321 788 1386 duntaxat
807 1323 875 1404 jure
893 1322 1049 1386 eeclesiam

77 1411 268 1496 ingrediendi
290 1411 329 1476 ad
351 1412 499 1477 audiendo
521 1411 567 1474 vel
589 1409 768 1476 celebrande
789 1413 1049 1496 suerumysteria,

76 1507 133 1566 out
145 1502 244 1566 oilieia
256 1501 356 1565 divino
367 1519 376 1564 e
387 1501 440 1565 sed
454 1519 517 1564 non
528 1501 624 1584 privet
637 1519 694 1565 nee
707 1519 765 1565 usu
778 1503 912 1584 passivo,
928 1521 984 1565 nee
994 1521 1051 1565 usu

77 1591 177 1656 activo
199 1597 473 1668 snemmentorurm
489 1589 551 1652 irnd
568 1608 632 1654 non
654 1591 750 1673 privat
763 1591 831 1671 jure
852 1590 991 1655 audiendi
1007 1591 1052 1653 vel

32 1747 34 1754 ,
78 1679 253 1745 celebrandi
268 1680 396 1763 ipsemet
408 1697 493 1742 sacre
506 1679 816 1761 mysteriueutdivina
829 1681 947 1760 officis,
963 1680 1053 1744 modo

80 1770 175 1833 misso
186 1775 239 1833 out
250 1769 350 1833 divine
364 1767 461 1832 officio
474 1767 756 1832 eelebrennrexuu
769 1770 926 1834 eeclesiam
935 1772 1054 1835 casibus

81 1858 231 1941 quibusid
242 1856 604 1922 licet2sieinterdietusub
612 1857 749 1940 ingressu
758 1859 892 1922 eoelesiae
900 1869 999 1942 posset
1008 1879 1056 1923 ee·

82 1948 246 2028 lehrore,v.
261 1969 305 2030 g.‚
321 1947 353 2010 in
367 1945 541 2011 eoemeterio
551 1946 597 2009 vel
609 1946 640 2008 in
651 1947 783 2010 oratorio
794 1947 919 2030 privato,
934 1949 986 2012 sed
1001 1967 1054 2013 ne-

83 2037 185 2120 quiret
193 2037 329 2101 assistere
343 2037 443 2099 missae
452 2054 521 2118 quee
530 2035 561 2098 in
573 2035 698 2099 ecelesia
708 2035 925 2118 celebraretur,
939 2039 1056 2102 etiamsi

84 2125 158 2190 ioris
183 2133 291 2204 steret,
316 2125 388 2210 quio
411 2125 507 2188 taliter
534 2125 675 2188 assistens
696 2133 837 2190 censetur
865 2145 999 2210 praesens
1025 2129 1056 2190 in

85 2215 229 2279 ecclesie:
245 2224 345 2298 posset
357 2221 460 2284 temen
473 2213 614 2279 ecelesias
628 2214 760 2298 ingredi,
776 2215 828 2278 sed
842 2223 925 2280 extra
937 2224 1058 2301 tempus

87 2321 149 2387 quo
169 2305 261 2368 missa
281 2305 327 2369 vel
349 2303 450 2367 divina
467 2301 565 2367 officia
585 2303 774 2368 celebrentur
794 2307 875 2388 (Cap.
901 2307 931 2370 Is
946 2307 1006 2386 eui,
1024 2306 1059 2370 de

88 2401 210 2456 sentent.
228 2413 383 2474 errorum„
398 2394 430 2456 in
445 2397 499 2472 6⁶).
515 2393 591 2456 Vide
605 2394 747 2457 Strernler
762 2393 833 2477 (Des
843 2397 964 2476 peines,
986 2403 1058 2474 ete,

89 2501 120 2565 p.
136 2485 216 2561 uto).
229 2484 323 2560 Secus
332 2483 423 2546 sentit
436 2483 546 2545 Suerez
555 2484 614 2566 (ep.
624 2483 780 2565 Lequeux,
797 2495 831 2546 n·
841 2487 929 2564 ¹449)
942 2502 981 2548 ex
989 2503 1057 2548 cun.

91 2573 226 2639 tutorem
242 2577 292 2652 l5,
306 2591 397 2636 causo
411 2575 468 2649 33,
484 2591 515 2655 q.
531 2577 562 2636 2.

130 2667 220 2727 6607.
241 2662 367 2735 Ouando
386 2659 579 2726 interdictum
596 2661 690 2726 fertur
712 2662 777 2726 sine
793 2663 914 2744 addito,
936 2663 1060 2748 intelligi

89 2752 179 2816 debet
192 2752 230 2815 de
245 2752 404 2817 interdicto
417 2751 568 2834 completo
584 2770 592 2816 r
608 2752 633 2814 si
648 2750 840 2816 interdictum
853 2755 983 2838 speciale
996 2757 1060 2819 sitd

89 2841 200 2905 divinis
213 2849 243 2906 et
255 2849 361 2906 contre
374 2841 499 2906 clericos
510 2841 623 2906 leretur
635 2841 717 2906 idern
730 2849 775 2906 est
784 2862 819 2907 ne
832 2846 1000 2928 suspensio.

132 2932 222 3018 6608.
257 2931 417 2996 Interdietd
451 2933 585 3012 civitate,
614 2931 834 2997 interdicuntur
869 2953 932 3000 non
963 2938 1061 3002 solino
1122 2981 1128 2994 .

93 3019 238 3084 suburbio
258 3020 311 3084 sed
331 3023 421 3086 ‘etiarn
441 3023 623 3087 monasterio
642 3029 867 3105 exemplorum,
881 3031 912 3088 et
929 3025 1064 3108 ipsorum

95 3107 248 3188 ecclesie,
261 3110 395 3193 alioquin
409 3113 602 3177 interdictum
621 3109 706 3175 fieret
719 3111 900 3176 illusorium.
916 3113 1064 3176 Interdic-

97 3201 163 3258 tum
177 3193 349 3277 hujusmodi
363 3220 480 3267 servare
493 3207 635 3266 tenentur
648 3201 750 3265 elerici
768 3208 799 3265 et
816 3201 982 3284 regulares,
1004 3201 1065 3265 inid

94 3291 127 3349 et
141 3284 308 3370 Episcopus
320 3289 373 3371 qui
387 3292 454 3355 tulit
467 3291 553 3355 illud.

136 3377 228 3442 6609.
253 3381 391 3442 Attenren
405 3381 580 3464 regulares,
594 3387 730 3466 tempore
744 3379 894 3445 interdicti
907 3379 1066 3463 generalis,

95 3471 225 3553 possunt
243 3466 276 3531 in
295 3469 359 3532 suis
375 3470 566 3534 monasteriis
577 3469 679 3535 divino
692 3489 855 3555 peragere,
871 3477 960 3554 prout
971 3469 1069 3534 officia

97 3559 245 3640 recitare,
265 3559 372 3625 missas
394 3559 564 3641 celebrare,
588 3566 669 3626 ete:
685 3561 836 3626 submisse
854 3567 955 3624 temen
976 3579 1068 3640 niueo,

97 3651 198 3730 lenuis
211 3649 321 3714 clausis
333 3697 343 3730 ,
357 3651 425 3713 sind
436 3666 517 3715 sonu
532 3667 691 3750 canopeum
707 3657 739 3714 et
750 3650 879 3716 exclusis
892 3651 1069 3714 nourinutinr

894 3749 955 3813 w
