2452 3984
175 197 233 261 abt
412 209 547 256 vaunnam
567 209 667 257 mnus
686 207 769 257 ronrs
789 205 938 256 csvovrcr.

174 337 188 374 ι
213 313 287 392 ciis,
302 318 331 376 et
345 312 411 375 aliis
424 312 515 375 etiam
529 331 585 394 pro
593 330 696 375 rerum
705 310 902 392 criminisque
916 309 1030 372 ratione
1043 308 1131 392 poenis

174 424 188 464 v
213 401 424 486 subjiciuntur.
439 423 456 464 a
472 404 516 466 Ite
528 402 633 466 Devoti
647 401 736 484 (tom.
751 404 788 481 l,
802 401 849 463 tit.
866 405 914 476 u,
929 398 999 481 52).

583 588 665 654 tur.
690 587 736 654 ll.

536 735 574 782 nr
595 733 779 782 merneolo.

213 885 303 946 blot.
316 880 512 961 sacrilegium
522 884 567 940 est
579 877 699 940 violatio
713 878 756 940 rel
771 895 864 940 sacrae
873 895 927 940 seu
940 877 1034 940 cultui
1044 877 1136 940 divino

174 973 279 1036 dicatae
293 994 301 1046 ;
315 970 441 1054 triplicis
454 967 573 1049 generis
587 971 633 1028 est
643 985 651 1027 t
663 965 1138 1049 personalequopersona‚1oecle

174 1081 236 1144 quo
250 1061 347 1137 locus,
364 1065 394 1121 et
407 1057 484 1120 reale
497 1077 559 1138 quo
572 1074 622 1118 res
636 1055 702 1119 aliae
715 1055 878 1120 violantur.

213 1169 237 1229 Ι.
254 1161 410 1229 Personae
424 1161 621 1224 committitur
635 1179 689 1242 per
709 1159 890 1223 clericorum
904 1161 1139 1241 percussionem,

175 1259 227 1318 sut
240 1271 346 1315 eorum
360 1251 593 1334 pertractionem
613 1249 651 1312 ad
662 1248 812 1329 judicium
826 1248 994 1328 saeculare,
1009 1250 1079 1314 item
1094 1269 1141 1333 per

175 1341 359 1405 luxuriosam
372 1337 564 1403 violationem
584 1358 721 1422 personae
735 1341 799 1402 Deo
814 1358 868 1418 per
881 1344 985 1402 votum
1008 1341 1142 1404 castitalis

176 1435 309 1494 sacrate.
328 1431 411 1493 Circa
433 1429 666 1511 pertractionem
680 1429 719 1494 ad
738 1427 838 1492 forum
852 1427 976 1508 laicale,
991 1429 1060 1494 vide
1072 1430 1142 1493 dicta

176 1538 267 1602 supra
281 1521 491 1600 (lere-lost).

215 1619 448 1685 Controvertitur
458 1621 755 1686 utrumviolatiovoti
765 1620 930 1704 sitsemper
939 1623 1141 1707 sacrilegium:

176 1709 361 1794 probabilius
374 1717 474 1774 autem
489 1716 535 1773 est
547 1711 631 1794 qubd
644 1711 702 1774 tale
720 1711 758 1774 sit
779 1711 898 1774 violatio
912 1712 971 1774 voti
986 1715 1141 1790 castitatis;

176 1801 238 1864 imb
252 1805 367 1864 certum
378 1804 424 1862 est
431 1800 491 1863 tale
501 1817 566 1863 esse
580 1800 772 1864 violationem
785 1800 843 1864 voti
858 1800 1037 1866 solemniter
1049 1803 1142 1866 emissi

176 1889 207 1952 in
221 1888 406 1972 professione
419 1888 577 1970 religiose,
593 1890 690 1953 autin
704 1889 893 1972 susceptione
903 1889 1021 1956 ordinis
1034 1891 1144 1957 subdia·

175 1979 312 2042 conatus.
328 1975 403 2040 Vide
415 1979 446 2040 S.
463 1978 585 2058 Liguor.
601 1977 663 2058 (lib.
675 1981 715 2054 3,
731 1982 788 2051 Π,
804 1979 968 2061 tes-457).

215 2081 487 2146 moestorum
510 2079 549 2142 de
569 2079 763 2162 percussione
776 2080 955 2145 clericorum
977 2079 1070 2146 habet
1081 2101 1142 2168 cap.

174 2171 214 2235 st
221 2171 287 2254 qais
301 2173 351 2248 lt,
367 2173 430 2251 (μ
446 2187 454 2229 :
474 2168 535 2231 «Si
550 2169 637 2249 quis,
654 2169 799 2232 suadente
812 2169 943 2243 diabolo,
958 2170 991 2234 in
1005 2171 1144 2238 clericum

174 2283 190 2322 a
215 2259 261 2322 vel
276 2256 460 2321 monachum
484 2256 629 2318 violentes
647 2275 757 2322 manus
779 2258 932 2341 injecerit,
951 2261 1144 2328 anathematis

178 2369 193 2407 v
218 2341 1143 2427 vinculosulrjeceet3etnullusEpiscoporumpresumatillum

177 2458 192 2495 r
218 2433 381 2506 absolvere,
395 2429 965 2513 nisimortisurgentepericub,donec
976 2440 1142 2520 Apostolico

177 2545 192 2582 a
217 2521 390 2602 conspectui
410 2527 614 2601 praesentetur,
629 2527 658 2582 et
672 2523 737 2601 ejus
757 2523 897 2587 mandata
909 2527 1042 2608 recipiat.
1065 2531 1139 2591 nlla

177 2609 236 2676 boc
248 2613 285 2672 V.
300 2611 332 2672 G.
349 2612 452 2690 Apost.
467 2608 572 2672 Sedis:
588 2613 622 2672 5·
637 2611 758 2692 special.
776 2619 805 2676 et
815 2619 846 2676 2·
856 2614 957 2696 simpl.
973 2635 1084 2682 reserv.

216 2697 331 2760 Dicitur
349 2701 380 2760 l·
395 2697 434 2760 Si
454 2697 534 2779 qvis,
554 2697 697 2780 proinde,
720 2699 940 2783 cujuscumque
960 2705 1065 2776 serus,
1088 2710 1145 2766 sta-

176 2786 243 2862 tus,
265 2786 374 2864 aetalis,
395 2785 486 2847 modb
504 2785 629 2849 rationis
642 2789 789 2869 compotis
812 2793 842 2849 et
856 2787 918 2850 doli
937 2791 1056 2872 capacis
1071 2793 1141 2873 (cap.

176 2874 316 2941 Mulieres
329 2879 360 2937 et
371 2893 438 2956 cap.
449 2875 569 2954 Pueris,
583 2875 618 2940 de
629 2884 703 2939 sent.
719 2875 871 2956 excomm.)
887 2895 895 2939 ε
911 2878 963 2942 sed
979 2879 1144 2962 impuberes

175 2965 214 3030 sb
223 2962 380 3045 Episcopis
393 2961 505 3024 absolvi
518 2971 660 3044 possunt,
675 2965 765 3026 etiam
779 2966 798 3026 b
811 2965 1006 3048 percussione
1018 2966 1140 3044 enormi,

175 3054 245 3117 licet
258 3051 480 3115 absolutionem
493 3057 562 3134 post
574 3053 764 3135 pubertatem
779 3055 941 3136 postulent.

214 3155 393 3219 Extenditur
413 3155 539 3218 canonis
564 3157 680 3219 sanctio
703 3155 854 3220 etiamad
878 3159 1037 3224 efficaciter
1057 3178 1141 3224 man-

174 3247 300 3324 dantes,
316 3245 526 3322 consulentes,
542 3250 572 3308 et
584 3247 825 3324 consentientem
845 3248 973 3330 proinde
986 3249 1141 3332 requiritur

175 3341 209 3396 ut
224 3335 377 3414 percussio
393 3333 432 3396 de
454 3332 532 3396 lecto
546 3335 685 3415 eveniat,
700 3341 732 3398 et
751 3336 879 3418 graviter
902 3339 934 3401 ln
954 3357 1021 3403 eam
1040 3339 1139 3402 influat

175 3422 371 3502 mandatum,
397 3423 578 3504 consilium,
610 3431 669 3488 ete.
697 3427 740 3486 lta
762 3428 987 3506 communiter,
1012 3447 1048 3492 ex
1074 3447 1136 3511 cap.

175 3506 290 3582 (leonto
304 3517 334 3572 et
346 3529 412 3594 cap.
428 3511 588 3592 Mulieres,
603 3512 638 3575 de
650 3522 774 3577 sentent.
790 3535 930 3580 eccomm.
943 3517 974 3582 Si
987 3517 1056 3601 quis
1068 3517 1139 3582 dice

175 3603 220 3656 ret
233 3612 335 3659 coram
349 3601 413 3664 suis
426 3619 434 3661 r
449 3600 535 3683 capio
554 3599 716 3666 vindictam
740 3603 811 3668 tolie
832 3605 953 3682 clerici,
977 3605 1136 3691 previdens
