2526 3988
190 217 210 274 4
412 229 550 273 nnnuntn
568 227 669 272 tortus
688 227 770 271 tutus
791 225 939 272 cunontct.

192 327 248 388 nisi
276 329 303 390 ei
326 327 447 389 daretur
469 326 559 388 etiem
578 325 658 388 dictu
677 323 794 406 imperii
810 331 950 406 potestus.
966 327 1042 392 Vide
1059 335 1161 398 temen

191 415 373 499 dictosupra
388 418 499 494 (5476).
567 469 571 478 s

231 507 321 568 5483.
346 505 450 568 Differt
466 510 567 567 autem
580 501 729 586 judicium
747 503 860 584 somme
873 503 890 565 d
903 506 1078 586 questione,
1097 507 1161 588 tte,

192 593 276 656 correct
293 601 325 658 et
350 593 504 656 r'nrtantt'd.
525 627 564 642 -
582 593 722 655 «dedicit
736 592 877 671 nomine,
897 592 996 676 inquit
1011 597 1162 661 Schmatz-

192 704 208 741 o
233 683 362 764 grueber
381 682 461 765 apud
475 685 512 744 D.
528 681 626 744 Bouix
640 681 709 762 (tt,
723 701 754 763 p.
771 685 807 744 13
821 687 851 744 et
868 685 929 760 tt),
944 685 1024 748 venit
1042 693 1163 750 contro-

193 793 208 829 »
232 773 335 835 versiae
344 781 374 835 et
384 771 558 855 questionis
568 770 1163 850 iniudiciumdeduetaetotodiscussio...

194 883 208 921 n
233 863 251 923 t
270 862 410 925 citatione
427 879 522 943 usque
543 859 580 922 cd
599 860 778 922 sententiam
790 865 812 920 ¹.
836 859 964 936 Quoectt'o
977 869 1022 926 est
1041 865 1107 948 ipse
1120 886 1166 929 m

194 973 208 1010 n
233 951 279 1013 vel
295 951 345 1030 jus
364 957 590 1016 controversum
605 949 688 1031 quod
707 948 815 1012 deduci
839 949 871 1011 in
883 950 1031 1030 indicium
1045 960 1163 1036 potest:

195 1061 209 1098 o
233 1040 315 1121 qudd
327 1040 351 1102 si
366 1049 434 1104 ectu
448 1040 479 1102 in
492 1038 640 1120 judicium
653 1037 829 1115 deducatur,
846 1058 930 1100 conso
941 1042 1096 1105 vocabitur
1113 1050 1167 1108 :ut

195 1151 209 1186 n
234 1128 309 1190 adeo
333 1147 424 1192 cause
449 1135 480 1190 et
498 1127 624 1210 quaestio
644 1128 676 1189 in
701 1126 759 1190 hoe
775 1127 875 1190 solum
898 1129 1057 1209 different,
1083 1133 1165 1214 qndd

195 1240 209 1278 n
234 1235 325 1280 cause
338 1217 459 1301 proprie
472 1236 534 1280 non
548 1216 663 1279 dicatur
677 1216 734 1279 nisi
745 1217 913 1296 injudicio,
924 1222 1051 1300 quaestio
1064 1231 1166 1284 eutem

196 1329 210 1364 n
235 1308 416 1369 etiemextre
427 1305 601 1370 illudLitis
612 1305 735 1368 nomine
745 1305 1011 1388 plerumqucvenit
1020 1311 1167 1393 actioque

196 1420 210 1452 n
234 1414 325 1458 ceusu
337 1404 525 1460 controversa
532 1395 692 1458 deducitur
702 1394 732 1456 in
740 1395 978 1475 judicium,·sive
987 1397 1019 1460 in
1033 1417 1098 1461 rem
1106 1401 1167 1464 sire

196 1507 210 1542 n
236 1485 266 1546 in
278 1503 437 1566 personam
448 1487 495 1548 sit.
512 1483 849 1566 Instontiodeniqueest
857 1486 1034 1549 exercitium
1042 1489 1168 1552 actionis

196 1597 210 1632 n
236 1573 317 1656 quod
331 1575 392 1636 litis
404 1575 620 1638 contestatione
639 1573 759 1655 incipit,
775 1581 805 1636 et
825 1593 921 1656 usque
934 1574 972 1637 cd
985 1578 1167 1641 sententiam

197 1687 211 1721 n
236 1662 420 1727 definitivam
434 1664 539 1743 durat,
555 1664 580 1726 si
593 1663 721 1741 feretum
734 1663 757 1724 si
774 1681 836 1725 non
850 1662 971 1742 feretur,
987 1664 1102 1728 biennii
1115 1675 1168 1732 aut

197 1777 212 1811 n
237 1753 354 1816 triennii
374 1754 480 1837 lapsu,
495 1761 525 1816 et
541 1754 631 1816 etiem
646 1752 689 1815 rei
711 1753 915 1831 absolutione,
930 1753 968 1817 de
978 1755 1048 1834 jure
1062 1756 1168 1820 saltem

197 1866 212 1900 n
236 1842 313 1904 civili
327 1844 508 1923 (iustiniani)
518 1843 713 1924 extinguitur.
728 1843 819 1904 Porrd
831 1842 994 1924 questio..
1010 1852 1056 1906 est
1068 1845 1168 1928 dupii-

198 1953 212 1989 ω
238 1931 281 1994 cis
304 1933 433 2014 generis,
458 1932 534 2014 sceti
548 1940 578 1994 et
591 1931 688 2014 juris.
710 1931 799 1992 Foett'
818 1932 945 2012 qucestio
958 1940 1023 2010 est,
1045 1935 1117 1996 crim
1130 1935 1170 2000 de

200 2043 212 2079 r
238 2021 316 2084 tecto
330 2023 368 2085 de
379 2041 441 2105 quo
454 2021 530 2084 torte
545 2022 682 2084 nondum
696 2021 805 2103 liquet,
820 2021 865 2084 vet
880 2021 905 2084 si
918 2021 956 2084 de
967 2021 1026 2084 hoc
1037 2023 1166 2105 liqueat,

199 2135 212 2170 n
237 2112 275 2174 dc
297 2112 529 2176 circumstantiis
553 2111 622 2174 fecti
654 2111 834 2190 quaeritur...
865 2111 950 2172 luris
972 2113 1098 2192 qurestio
1125 2121 1171 2177 est

200 2227 212 2258 o
239 2201 360 2282 quando
380 2202 524 2282 quaeritur
537 2199 575 2261 de
595 2199 664 2260 tacti
679 2199 806 2275 merito,
821 2197 904 2280 quod
919 2199 949 2260 in
962 2217 999 2263 co
1013 2201 1169 2282 consistit,

200 2317 213 2346 o
238 2296 272 2352 ut
286 2291 336 2369 Jus
352 2290 429 2352 tacto
444 2289 523 2351 recte
537 2287 702 2370 appticetur
718 2306 726 2348 ε
744 2285 943 2368 interrogetur
956 2307 1029 2370 ergo
1048 2289 1079 2350 in
1093 2290 1169 2370 hoc,

200 2403 213 2434 r
238 2397 277 2441 en
292 2377 322 2440 id
336 2378 417 2459 quod
432 2377 544 2438 fectum
565 2383 611 2438 est
624 2377 692 2456 jure
710 2375 896 2456 factumst,
916 2377 1036 2458 etquid
1054 2377 1093 2440 de
1112 2379 1171 2445 hoe

200 2491 213 2525 n
238 2466 315 2530 tecto
334 2467 416 2548 leges
434 2466 616 2528 statuerint:
634 2465 764 2547 exempti
786 2467 898 2547 gratie,
920 2485 959 2529 en
980 2469 1061 2529 rectd
1073 2469 1172 2533 Titius

200 2580 214 2615 r
239 2557 382 2620 occiderit
395 2556 518 2636 Caium,
533 2562 564 2619 ct
582 2555 608 2618 si
620 2555 707 2618 'uteie
724 2556 855 2634 occidit,
871 2560 932 2637 qut
946 2561 1036 2638 poenc
1048 2557 1087 2618 sit
1103 2558 1170 2621 atii-

199 2647 406 2709 »ciendusn

240 2739 330 2798 tect.
353 2735 452 2797 Positt
465 2734 624 2796 hominurn
640 2733 671 2795 in
691 2741 830 2815 praesenti
853 2738 968 2796 nature
986 2735 1076 2815 lepsae
1089 2741 1173 2801 stetu

201 2823 384 2902 conditione,
399 2827 460 2904 qut
475 2821 510 2882 iit
523 2827 558 2884 ut
569 2822 673 2883 multae
692 2817 801 2884 tites'et
813 2820 920 2884 delion
940 2824 1084 2903 perpetud
1097 2843 1171 2888 exo·

201 2913 327 2990 riantur,
346 2913 414 2992 jure
428 2910 575 2989 naturali,
591 2911 622 2972 in
644 2910 729 2972 omni
746 2909 886 2973 societate
898 2909 1065 2992 complete,
1081 2910 1173 2977 debet

202 3019 267 3064 esse
289 3001 472 3082 judiciorum
496 2999 615 3081 proprie
641 2999 791 3062 dictorum
819 3000 964 3062 institutio
984 3017 993 3061 ε
1012 3019 1074 3062 non
1102 3001 1174 3066 idcd

202 3097 303 3154 temen
315 3092 366 3171 jus
379 3089 513 3152 naturale
526 3089 661 3152 absolute
683 3089 812 3171 postulet
825 3089 907 3170 qudd
923 3088 1024 3151 omnia
1042 3089 1174 3154 crimine

201 3185 396 3244 coerceantur
408 3186 439 3242 et
459 3197 565 3241 omncs
578 3179 644 3241 lites
658 3177 838 3240 dirimentur
855 3177 1031 3260 perjudicio
1050 3179 1173 3259 proprie

202 3271 304 3334 dicte:
324 3287 403 3352 saepe
425 3269 547 3332 econtrd
564 3268 683 3350 expedit
701 3268 865 3349 disciptinae
886 3267 1004 3329 mititeri
1024 3273 1058 3329 ut
1077 3265 1174 3331 ducos

203 3361 318 3443 possint
332 3361 478 3457 prompte.
490 3360 598 3442 punire
613 3357 743 3419 militurn
757 3357 861 3438 culpes
878 3357 943 3419 sine
958 3355 1054 3438 figure
1064 3356 1171 3436 judicii

237 3495 243 3523 ¹
259 3490 313 3542 Non
331 3505 391 3558 ergo
401 3489 521 3555 judicium
535 3485 598 3538 sistit
614 3487 639 3538 in
655 3487 707 3538 ooli
717 3487 808 3554 judicis
820 3489 941 3539 sententit
958 3485 1001 3538 :in
1017 3501 1046 3538 co
1056 3493 1173 3538 auctores

203 3561 248 3613 tric
261 3562 341 3614 solent
353 3561 519 3628 distinguere:
532 3561 646 3622 initium,
658 3561 767 3610 medium
776 3565 799 3610 ct
810 3561 903 3624 finem:
915 3573 1002 3624 nempe
1010 3560 1172 3612 introductu-

204 3649 270 3696 nem.
284 3635 478 3685 decertationem
489 3637 511 3683 et
521 3637 675 3683 secundem.
689 3631 757 3695 (Vide
769 3631 899 3697 Loqueux,
912 3639 939 3680 n·
950 3629 1020 3685 1233.
1033 3629 1059 3680 3⁸
1071 3631 1170 3694 editio.)
