2452 3984
466 287 550 332 orara
570 267 701 335 sandrin.
1008 279 1060 339 rot

100 385 163 446 Non
177 380 304 445 notatur
316 387 418 444 autem
433 384 573 444 sanctitas
588 383 644 446 lool
655 403 709 466 per
722 391 807 448 actus
821 389 905 450 mare
918 389 1065 467 internos,

99 472 226 554 ideoque
236 488 298 532 non
307 471 467 532 committit
478 471 668 552 sacrilegium
677 472 731 554 qui
740 473 772 535 ln
780 475 906 538 ecclesia
914 475 1004 540 habet
1017 497 1068 542 vo-

98 560 242 625 luntatem
256 557 412 622 occidendi
424 565 506 622 extra
521 560 619 637 illam;
632 580 740 640 secus,
755 561 780 624 si
794 564 862 644 quis
875 569 957 627 extra
971 567 1067 630 ecole-
1121 595 1130 614 .-

5 655 6 660 ’
96 649 173 713 siam
196 646 339 730 proponit
357 647 495 712 occidere
513 649 545 712 in
568 650 705 714 ecclesia.
729 651 773 731 (S.
798 652 938 735 liguorl,
953 651 1004 717 lib.
1026 659 1066 734 ὃ,

97 738 207 816 n043.)
236 738 241 746 '
479 745 482 754 ’

134 827 318 890 otta-Ill.
332 825 420 888 nean
429 828 620 909 sacrilegium
629 829 731 893 locum
744 827 835 891 habet
847 829 1066 912 perindignam

96 915 307 979 tractationem
320 921 596 996 sacramentorum,
612 925 646 980 ut
660 918 685 980 si
704 918 931 996 ministrentur,
946 920 992 980 vel
1005 939 1067 982 sus

96 1006 246 1087 cipiantur
267 1021 338 1067 curn
361 1009 486 1085 peccato·
500 1005 630 1069 mortali.
653 1007 730 1068 item
751 1007 775 1068 si
799 1025 869 1068 vasa
886 1013 938 1070 aut
959 1008 1066 1070 instru-

96 1101 197 1156 menta
210 1111 315 1170 sacra,
336 1092 373 1154 ad
387 1111 459 1154 usus
479 1093 621 1175 profanos
635 1093 848 1168 adhibeantur,
865 1113 894 1159 v.
910 1115 939 1175 g.
957 1095 981 1157 si
999 1098 1066 1176 quis

97 1188 228 1244 uteretur
241 1181 332 1268 calice
346 1188 398 1243 aut
411 1184 595 1244 ornamentis
604 1183 704 1245 altaris
716 1183 748 1244 in
761 1183 916 1246 convivio:
933 1183 1065 1264 intellige

95 1277 194 1332 tamen
212 1269 251 1331 de
270 1270 305 1332 iis
325 1288 393 1350 quaa
418 1270 522 1331 saltem
540 1269 677 1333 benedici
698 1271 818 1333 solent:
838 1289 908 1333 nam
923 1271 1065 1334 adhibere

94 1359 130 1430 ad
141 1359 262 1440 nuptias
270 1357 315 1419 vel
326 1376 413 1420 usum
425 1358 596 1438 profanum,
608 1367 731 1441 tapetes,
743 1359 930 1438 candelabra,
943 1353 1061 1441 pelvim,

94 1448 155 1512 imo
168 1455 199 1510 et
213 1447 437 1526 manutergium
452 1453 483 1509 et
499 1453 606 1510 caetera
626 1467 695 1530 quae
713 1448 842 1511 mediate
861 1449 993 1512 serviunt
1006 1451 1063 1510 mi-

93 1535 216 1598 nisterio
239 1554 325 1598 sacro
346 1553 407 1596 non
429 1553 496 1598 csse
518 1543 675 1617 peccatum
697 1537 786 1614 docet
803 1537 980 1600 Tamburin.
1005 1538 1061 1601 nisi

93 1625 177 1688 tieret
190 1643 230 1686 ex
242 1623 344 1705 aliquo
352 1629 544 1706 contemptu,
560 1625 664 1690 saltem
681 1625 842 1708 implicito,
858 1634 892 1689 ut
905 1628 929 1689 si
943 1645 1063 1710 semper

92 1721 121 1776 ot
143 1713 350 1775 indifferenter
362 1710 406 1774 ‘ad
419 1712 533 1776 similes
552 1733 626 1776 usus
647 1714 870 1778 adhiberentur.
886 1715 968 1778 Idem
991 1714 1062 1778 dicit

92 1803 129 1866 dc
142 1801 293 1872 candelis,
304 1802 413 1877 ramis,
424 1803 519 1882 aqut,
533 1803 673 1878 incenso,
685 1809 714 1865 et
725 1803 873 1866 similibus
884 1803 1059 1883 benedictis,

93 1893 162 1973 quia
175 1890 311 1954 Ecclesia
328 1908 390 1953 non
404 1891 465 1970 agit
484 1909 554 1952 oum
575 1897 658 1953 tanto
680 1891 780 1972 rigore
799 1893 831 1953 in
856 1892 981 1954 modicis
999 1894 1061 1956 istis

91 1978 370 2054 benedictionibus,
384 1985 418 2040 ut
426 1983 508 2060 patet
526 1978 557 2041 in
572 1997 666 2061 pane,
677 1978 778 2060 ligno,
790 1979 986 2056 carbonibus,
1001 1989 1058 2044 ete.

91 2069 267 2132 benedictis.
279 2071 324 2130 dn
337 2074 437 2129 autem
451 2086 520 2130 vasa
530 2075 559 2130 et
568 2074 662 2130 vestes
672 2085 764 2129 sacrae
775 2068 1060 2150 possintaliquando

89 2157 224 2220 converti
243 2156 276 2218 in
297 2173 387 2219 usum
409 2155 591 2236 profanum,
614 2155 682 2218 vido
704 2155 784 2220 diota
806 2153 896 2238 supra
918 2159 1003 2234 (362t
1031 2165 1065 2221 et

127 2339 219 2398 6226.
240 2335 436 2417 Sacrilegium
452 2341 498 2398 est
515 2341 615 2396 autem
632 2335 711 2397 male
724 2341 850 2398 tractare
864 2353 963 2398 sacras
983 2335 1058 2398 ima·

88 2426 191 2506 gines,
206 2423 362 2506 reliquias;
378 2423 443 2486 illas
457 2423 561 2498 lurari,
572 2423 662 2484 etiam
672 2424 701 2484 in
716 2427 805 2503 parva
815 2425 999 2504 quantitate,
1015 2434 1058 2486 est

89 2531 178 2595 grase
206 2511 395 2594 sacrilegium
423 2513 447 2574 si
469 2511 612 2573 dominus
634 2511 829 2593 praevideatur
853 2529 891 2572 ex
916 2509 974 2573 hoo
996 2511 1058 2574 lore

88 2603 219 2684 graviter
235 2601 457 2666 contristandus
472 2603 519 2678 (S.
540 2600 674 2680 Liguor,
695 2599 747 2660 lib.
763 2602 797 2677 3,
817 2607 851 2662 η*
873 2602 934 2678 to).
956 2602 1058 2664 —Est

81 2693 178 2754 :etiam
199 2690 388 2772 sacrilegium
402 2697 544 2774 torquere
562 2688 652 2750 verba
670 2690 701 2750 S.
718 2688 878 2769 Scripturas
897 2686 935 2750 ad
952 2691 1058 2752 scurri-

87 2782 148 2862 lia,
171 2779 323 2850 tabutosa,
348 2797 445 2858 vana,
473 2777 657 2857 adulatoria,
686 2777 873 2840 detractoria.
898 2779 1055 2860 (trident,

78 2887 161 2944 sess.
176 2873 208 2949 t,
224 2869 257 2930 in
268 2867 353 2951 fiae.)

77 2962 79 2973 ’
124 2962 216 3020 6Ξ27.
232 2961 299 3020 Non
310 2957 391 3021 laesio
401 2974 665 3040 quorumcumque
680 2957 830 3020 bonorum
841 2957 1054 3022 ecclesiastico·

87 3065 155 3110 rum
174 3053 220 3110 est
239 3046 450 3128 sacrilegium,
474 3045 527 3108 sed
546 3045 689 3107 duntaxat
711 3045 861 3110 bonorum
883 3066 952 3129 quae
965 3047 1055 3128 perti-

87 3143 159 3199 nent
169 3135 207 3198 ad
217 3143 419 3198 ornamentum
434 3134 577 3212 ecclesio,
593 3142 646 3196 out
657 3143 724 3197 arnt
736 3135 875 3218 deputata
888 3135 928 3196 od
943 3141 1057 3194 antea-

89 3225 227 3288 tott'onem
238 3223 543 3302 ministrorom‚utait
552 3225 584 3286 S.
593 3223 723 3286 Thomas
737 3225 782 3305 (2,
796 3231 827 3301 2,
843 3243 874 3306 q.
889 3227 939 3298 99,
948 3227 1005 3284 art.
1014 3225 1054 3299 3),

0 3319 1 3322 ’
87 3314 249 3398 etquidem
264 3313 323 3398 qod
335 3313 408 3376 talos
420 3319 506 3392 suat,
522 3317 557 3374 ut
573 3315 653 3374 recte
663 3313 735 3376 dicit
743 3313 886 3376 Tambur.
900 3329 949 3391 ap.
964 3311 994 3370 S.
1006 3311 1055 3370 Li-

87 3423 188 3487 guor„
204 3403 257 3467 lib.
273 3405 305 3475 3,
321 3405 477 3465 ta-tn
489 3407 591 3464 autem
605 3403 643 3462 sit
656 3402 847 3482 sacrilegium
862 3399 971 3478 injuste
984 3397 1056 3460 deti-

88 3493 271 3596 nerelegsto
282 3490 425 3564 Ecclesia
438 3491 540 3554 relicta
556 3507 611 3571 pro
624 3491 690 3571 ejus
703 3490 843 3567 servitio,
858 3489 1056 3552 controverti·

86 3583 226 3734 ωἱὶξῖῠὸ).
239 3669 320 3736 Noto
337 3669 421 3754 quod
437 3687 574 3733 censurae
590 3674 696 3731 contra
715 3667 876 3749 sacrilegos
892 3667 978 3746 lata,
993 3689 1055 3732 non

906 3775 938 3830 8.
