2572 4006
201 229 246 280 596
411 225 467 276 Sti*
792 231 800 248 ⁶
913 233 969 284 Suu

200 339 328 402 peceatum
347 333 489 395 confitetur,
504 333 574 384 9838.
596 335 679 394 Qualis
702 341 790 386 centur
801 336 889 388 Christi
901 339 1096 405 satisfactiones,
1110 345 1181 396 8529.

199 415 231 464 sit
249 411 368 478 obligatio
403 413 569 478 peonitentiam
598 415 680 465 adim-
703 417 737 464 hn
750 415 775 464 in
788 416 896 466 Ecclesils
907 417 1133 474 existattltesaurus
1145 439 1182 475 sa·

199 495 290 564 pientii,
304 495 373 545 3331.
384 497 419 546 dn
432 494 525 559 obliget
537 495 679 562 poenitentis
703 493 868 546 tislactionum
880 497 968 550 Christi
980 506 1006 550 et
1018 501 1181 568 Sanctorum,

199 577 261 628 nsit
270 577 337 643 justo
348 575 461 642 grauior,
475 575 545 628 3838.
560 577 679 637 Quando·
765 603 778 614 ·

199 673 256 710 nom
275 659 419 726 poenitentia
448 673 497 709 non
521 659 614 724 obliget
632 661 678 712 sub
733 655 884 720 Susuessun.
901 687 935 700 -
950 662 1097 716 assistentes
1110 668 1183 734 Epis-

199 740 281 807 166666,
301 739 370 790 3839.
384 737 419 790 dn
433 739 555 806 poenitens
568 746 680 793 teneatur
702 751 764 804 copo
776 741 863 792 sedere
874 741 965 794 debent
975 744 1000 794 io
1011 746 1127 798 scabellis
1139 764 1184 800 nu-

198 820 677 889 implerepoenitentimnquandoahso-
702 820 757 882 dis,
769 821 839 873 2288.
1083 841 1086 846 ·

199 901 259 952 lotro
272 900 318 952 lust
329 901 410 961 oolla
422 900 493 951 3816.
505 903 541 952 lin
552 907 577 952 et
588 909 677 968 qunte
732 900 856 954 Sosuuuu.
868 907 947 958 -hd
961 907 1109 976 Episcopum
1123 927 1183 976 per

200 999 244 1035 nus
261 983 294 1033 sit
305 982 423 1048 obligatio
443 981 557 1034 servandi
577 983 676 1035 modurn
702 981 762 1032 tinet
773 984 998 1038 reducerescamna
1012 990 1182 1056 ecelesiarum,

197 1066 365 1133 prescriptum
382 1063 408 1115 in
427 1065 583 1131 adimplendi
595 1066 676 1132 poeni-
700 1063 769 1114 1069.

196 1147 288 1208 lentii,
313 1145 382 1196 usu.
403 1145 439 1193 ho
460 1149 484 1195 et
504 1150 625 1211 quatenus
645 1145 678 1196 sit
731 1147 928 1200 Sctuostusta-
946 1152 1016 1203 Bulla
1031 1153 1183 1208 Adottonda
1281 1233 1282 1238 Ἰ

198 1233 324 1289 peccatum
339 1225 436 1276 rtttterre
448 1225 614 1292 impletionem
626 1243 676 1294 poe·
699 1231 831 1292 66666616,
847 1233 918 1284 6193.

195 1309 318 1370 nitentia,
339 1308 409 1358 3813.
430 1309 467 1358 An
485 1307 618 1358 satisfaciat
633 1311 676 1374 qni
731 1311 858 1362 Santouta
896 1329 972 1366 vacus
1001 1317 1026 1368 in
1059 1318 1182 1372 electione

195 1385 673 1452 impletpoenitentiaminstetupeccati,
699 1391 790 1442 nullius
803 1399 840 1443 661
850 1395 976 1458 momenti
988 1397 1043 1448 106.
1056 1399 1180 1452 Scheduls

194 1465 312 1517 usluto
330 1464 472 1531 poenitentia
486 1471 542 1515 note
560 1479 674 1516 commu·
698 1472 895 1525 confirmationis
908 1485 1005 1529 nonest
1018 1481 1180 1534 1666666666

194 1542 291 1592 aionem
305 1541 337 1591 sit
349 1541 504 1606 adimplenda
517 1542 554 1592 tel
564 1548 621 1594 sule
633 1543 675 1594 ab·
697 1551 739 1618 qui
753 1551 867 1642 ignierant
880 1553 927 1606 vim
941 1556 1016 1624 hujus
1031 1563 1180 1613 sacrementi

193 1620 365 1683 solutionem,
389 1621 460 1672 sstt
486 1621 625 1712 Quotuplex
643 1623 675 1674 sit
697 1632 1065 1704 etpraecipuafirteimysrerj,
1079 1640 1135 1690 993

192 1700 673 1768 genuspoenitentiaeetanioprimur·
728 1712 831 1764 Scurssut
860 1715 998 1780 blagnum,
1023 1719 1095 1777 stu.
1109 1721 1179 1776 Unde

192 1781 842 1850 611666616666166661666616666-γρῃῑῃιγοχ
868 1797 974 1848 schisma
998 1808 1023 1850 οι
1040 1803 1100 1867 quid
1126 1805 1177 1867 ,ῃ

192 1862 266 1915 lessllss
288 1863 400 1930 llubhcu
419 1863 489 1914 384⁶·
510 1864 671 1924 Quassdssssssm
695 1873 764 1924 6131.
780 1845 1179 1940 Ouotspeciesschismatumdis·

191 1949 216 1997 et
227 1944 352 2012 66666666
365 1943 520 1994 introduetus
531 1943 672 1998 luetitusus
695 1952 854 2018 tinguantur,
867 1957 937 2008 men.

191 2023 339 2092 penitentie
352 2024 477 2085 solemnis,
487 2025 547 2075 uult
552 2023 670 2086 ¹Quinam
726 2033 1071 2099 Sotttsusrtcus-Ouaeusm
1084 2045 1177 2096 monita

189 2107 239 2157 sint
250 2105 310 2156 66666
322 2106 414 2171 gradus
422 2103 571 2172 poenitentis
583 2108 670 2158 solem·
695 2113 790 2165 dederit
807 2115 865 2167 Pius
878 2116 905 2169 ll
921 2117 985 2170 circs
1003 2124 1177 2174 cornrsnunies-

189 2189 243 2250 nis,
256 2189 317 2240 3618
326 2188 416 2238 -3851,
437 2187 508 2247 Quali
527 2186 576 2237 ritu
589 2189 670 2255 impo-
694 2193 850 2246 tionemeum
859 2197 1029 2260 schismaticis,
1039 2199 1101 2252 stes
1111 2203 1178 2254 Gon·

188 2277 289 2322 necetur
300 2268 445 2321 Poeoiterttia
455 2269 585 2330 solemnis,
598 2270 668 2322 3859.
694 2273 800 2326 ditiones
812 2276 935 2343 requisito
943 2285 971 2328 ut
983 2279 1047 2330 licite
1060 2283 1092 2332 sit
1105 2299 1177 2334 corn-

188 2351 351 2411 Qonndonsm
378 2349 481 2414 coeperit
499 2348 577 2400 minui
603 2349 670 2416 rigor
694 2353 827 2406 munientio
847 2371 903 2406 corn
919 2357 1040 2410 hereticis
1053 2366 1077 2410 et
1094 2362 1175 2414 schis-

188 2429 341 2482 Pcenitentiae
368 2428 503 2491 solemnis,
534 2429 605 2484 3653.
632 2433 669 2484 tr
693 2433 803 2494 melicis,
839 2436 909 2486 6166.
941 2439 978 2488 An
1011 2439 1043 2488 sit
1072 2442 1176 2494 vetitum

189 2525 262 2564 omne
280 2516 409 2576 peccaturo
427 2508 592 2576 subjiceretur
608 2512 667 2562 olim
692 2515 817 2568 celebrere
828 2516 853 2567 in
870 2517 981 2569 eeclesiis
1000 2535 1055 2586 quas
1075 2522 1176 2576 luerunt

186 2593 341 2645 Ponitentire
353 2593 466 2655 solemni,
475 2593 546 2644 3851.
558 2595 594 2643 66
607 2611 667 2660 pec·
690 2597 821 2650 schismate
838 2600 985 2665 profanatae,
999 2601 1069 2654 etse.
1083 2607 1119 2656 ho
1133 2613 1176 2658 to-

189 2682 281 2728 eetoses
299 2681 387 2740 sponte
404 2689 460 2726 sese
471 2674 602 2726 olierentes
621 2678 668 2728 ad·
691 2678 762 2730 lersri
774 2686 847 2746 queat
860 2681 987 2748 praesentia
1000 2684 1175 2742 schismatico-

185 2758 341 2812 mitterentur
353 2758 383 2807 66
394 2755 565 2808 Paenitentiam
578 2759 667 2810 solent·
690 2775 744 2810 rum
762 2759 788 2811 in
801 2761 877 2813 sacris
890 2762 993 2826 officiis,
1007 2759 1084 2820 6130.
1097 2768 1174 2828 066-
1281 2775 1282 2842 ,

185 2851 255 2900 nem,
268 2838 339 2890 3365.
351 2837 430 2889 11666
443 2853 496 2890 eam
509 2838 667 2892 admitteren—
689 2845 1173 2907 6666666666666166661166666166661616
1281 2849 1282 2862 ¹

180 2911 375 2972 ¹turencertlotes
387 2925 412 2972 et
423 2919 533 2983 6666661,
547 2921 617 2973 3656.
629 2924 665 2974 116
690 2923 794 2985 luerim,
815 2923 886 2976 6133.
914 2925 1008 2985 Quibus
1033 2928 1172 2993 plectentur

185 2999 275 3052 olories
307 2997 486 3050 concederetur
520 3000 664 3054 poenitentia
689 3004 767 3070 poenis
787 3004 831 3071 qui
856 3006 955 3058 ordines
975 3006 989 3058 h
1009 3008 1169 3061 schismaticis

186 3079 314 3142 solemnis,
327 3079 397 3130 3651.
409 3079 572 3139 Queodonam
584 3083 666 3136 absol·
688 3085 835 3152 recipiunt,
849 3088 918 3138 6136.
940 3087 1065 3148 Quatenus
1088 3089 1168 3141 schis-

188 3173 298 3213 rerentur
317 3160 463 3227 prenitentes
481 3162 586 3214 solemni
607 3165 664 3217 Poe-
688 3165 770 3217 matiei
800 3166 850 3218 sint
874 3171 1072 3232 reconciliandi,
1099 3172 1168 3226 utut.

186 3240 291 3291 nitentis
313 3239 406 3300 dediti,
425 3241 495 3293 3658.
514 3243 550 3292 116
571 3243 664 3308 imponi
688 3245 751 3306 Quid
779 3249 931 3300 concesserit
963 3251 1034 3302 6666.
1066 3254 1169 3319 Capram

186 3321 263 3372 soleat
274 3319 348 3370 bodie
364 3320 480 3370 solemnis
500 3321 662 3388 Poeniteutia,
687 3327 768 3392 quood
782 3329 1009 3383 reconciliationem
1027 3333 1170 3386 schismati·

184 3400 252 3452 3859.
269 3403 304 3451 ln
317 3401 464 3452 Poenitentia
477 3401 574 3470 publica
589 3411 664 3470 queat
686 3421 787 3469 corum,
801 3409 872 3460 6136.

184 3479 291 3546 imponi,
304 3481 375 3532 9888.
394 3481 497 3540 Quinam
512 3482 662 3550 666166666-
716 3487 811 3538 Settuts
847 3489 992 3543 parisiensis
1026 3493 1086 3560 qrriu
1109 3509 1170 3546 seo-

184 3557 350 3624 poicsnones
375 3559 659 3624 poeoitentieles,3881.
684 3564 1167 3633 6661166666ρ66666666,330.11666·

183 3637 308 3696 Quatenus
325 3653 369 3704 per
393 3637 559 3706 indulgentias
579 3643 660 3708 apoli·
682 3645 785 3699 elesiam
810 3655 905 3712 spectet
929 3665 987 3701 curs
1009 3651 1165 3706 scholarum
