2452 3984
423 266 510 314 rusa
530 267 660 314 rsarrus.
968 249 1025 314 231

101 367 187 430 otto.
199 363 330 428 Nomine
339 367 442 426 autem
452 361 494 424 rei
508 361 806 444 spr'ritacticnnecoe,
820 361 1030 443 intelliguntur

67 471 98 516 ca
110 472 173 536 que
187 473 287 537 perse
301 456 444 516 nonsunt
454 451 576 533 quidem
592 449 771 533 spiritualia,
788 450 841 513 sed
852 450 890 513 ad
901 469 938 514 ea
949 451 1029 514 ordi·

67 549 179 622 uantur,
194 544 258 606 sive
272 559 391 604 annexa
405 541 465 602 siut
478 540 522 602 eis
539 538 741 602 antecedenter
756 544 790 601 ut
804 540 1028 621 iuspatronatos

69 639 194 712 respectu
204 630 362 708 beneficii,
372 647 443 692 vasa
456 636 485 690 et
497 635 593 692 vestes
607 645 700 692 sacrae
714 634 852 712 respectu
861 647 1030 692 sacramen·

69 725 173 798 torum;
196 722 259 784 sive
276 719 517 795 concmnitoater,
539 723 573 782 ut
586 717 670 780 labor
688 717 867 780 intrinsecus
885 718 917 778 iu
931 718 1029 780 admi·

71 807 233 874 nistraticne
246 814 520 882 sacramentorum
537 806 598 869 sive
611 813 834 888 consequenter,
849 811 883 870 ut
895 806 1030 870 redditus

71 895 302 976 beneficiorum,
330 897 384 979 qui
410 896 521 960 dantur
549 901 672 978 propter
697 895 831 957 cilicium
864 895 1027 976 spirituale.

70 987 102 1054 (S.
119 985 325 1070 Ligucr.,id.)
376 1009 382 1016 ·

103 1080 187 1140 tttlt.
211 1077 280 1140 Non
293 1074 422 1138 habetur
434 1075 506 1138 verit
519 1080 554 1138 ut
575 1092 624 1137 res
639 1073 801 1156 spiritualis
819 1073 903 1138 labor
917 1074 1031 1138 extrin-

69 1182 144 1228 secus
169 1167 225 1248 qui
248 1171 377 1236 nonest
398 1164 567 1226 necessario
592 1181 728 1226 annexus
752 1163 901 1226 functioni
925 1183 1029 1243 sacrae,

69 1254 155 1332 qualis
168 1261 215 1318 est
228 1253 377 1317 itineratio
395 1252 647 1328 extraordinaria,
671 1259 777 1316 cantus
797 1253 829 1316 ln
848 1254 957 1332 missi,
979 1261 1031 1318 aut

69 1340 171 1424 aliquid
191 1342 275 1405 aliud
297 1341 393 1425 pretio
413 1341 598 1404 aestimabile.
618 1343 729 1406 Centau
750 1349 851 1405 tamen
870 1341 1028 1406 habetura

70 1430 202 1512 Laqueus
216 1435 262 1512 tn·
282 1433 371 1509 1323)
385 1435 529 1512 tanquam
543 1429 627 1493 labor
640 1430 837 1510 intrinsecus,
854 1431 911 1494 nisi
926 1438 1032 1514 agatur

69 1516 197 1584 demutu
211 1520 346 1586 adhibito
354 1520 472 1584 tantum
483 1519 521 1582 ad
534 1525 675 1583 ornatum
685 1539 739 1602 per
750 1538 900 1603 organum
913 1529 964 1584 aut
973 1522 1031 1584 alia

70 1608 271 1675 iustrumenta.

104 1702 251 1765 Instruere
263 1701 297 1764 in
310 1699 447 1764 doctrine
459 1701 544 1762 sacra
557 1704 602 1762 est
615 1699 739 1781 quidem
751 1717 800 1762 res
813 1697 988 1782 spiritualis,
1005 1701 1030 1763 si

70 1787 1031 1868 instructiotendatadbcnumtantirmspiritualealiorum:unde

72 1887 139 1941 asset
158 1879 289 1942 simonia
303 1878 347 1942 sic
359 1877 507 1940 instruere
521 1894 577 1958 pro
590 1877 708 1958 pretio,
726 1893 784 1938 nac
796 1875 900 1940 liceret
917 1878 1030 1961 aliquid

74 1969 193 2050 recipere
206 1987 263 2050 pro
286 1967 401 2044 studio,
420 1965 641 2046 defatigatione,
661 1964 733 2046 quia
751 1965 817 2028 haec
836 1964 984 2028 habentur
997 1973 1032 2029 ut

72 2053 146 2119 labor
164 2057 365 2120 intrinsecus:
381 2054 462 2116 idem
480 2053 530 2115 dic
556 2053 595 2114 de
617 2053 720 2117 labore
743 2053 782 2116 ad
803 2054 1030 2136 praeparandam

72 2145 251 2209 concionem.
267 2144 393 2210 Secussi
408 2143 565 2204 instructio
574 2142 678 2204 tendat
688 2143 779 2205 etiam
792 2141 830 2204 ad
844 2143 967 2226 aliquod
981 2144 1033 2206 bo·

73 2251 139 2296 num
151 2235 315 2316 temporale
328 2232 469 2308 alterius,
486 2230 523 2292 ad
543 2231 717 2310 utilitatem,
741 2229 908 2310 honorem,
930 2232 1031 2297 oblec-

73 2323 225 2401 tationem,
240 2329 330 2403 prout
342 2328 387 2383 est
404 2321 560 2382 instructio
580 2319 619 2382 ad
632 2318 803 2383 edocendas
816 2339 914 2386 sacras
929 2324 1030 2405 Scrip-

72 2417 162 2489 turas,
175 2419 227 2475 aut
242 2409 424 2491 theologiam
435 2408 495 2470 sive
509 2409 689 2490 polemicam
703 2409 765 2471 sive
774 2409 937 2486 moralem
950 2413 1032 2474 uude

73 2499 103 2558 S.
117 2499 240 2562 Thomas
254 2501 299 2583 (Ξ,
314 2504 392 2581 2,,ᾳ.
410 2501 479 2576 tao,
492 2502 549 2560 art.
565 2501 614 2572 13,
630 2496 668 2559 ad
682 2499 712 2573 3)
726 2497 797 2559 dicit
812 2515 820 2559 ε
840 2497 927 2570 «Qui
945 2498 1032 2563 docet

73 2608 87 2644 a
110 2589 270 2668 scientiam,
281 2593 377 2670 potest
388 2585 572 2668 stipendium
587 2585 737 2666 accipere,
747 2585 832 2668 quasi
846 2603 953 2668 operas
963 2605 1032 2652 suas

73 2697 86 2734 a
111 2676 216 2740 locans.
238 2699 255 2737 u
276 2678 315 2738 Et
332 2676 372 2739 cb
394 2675 425 2738 id
445 2675 476 2736 in
494 2673 742 2739 Universitatibus
769 2674 883 2756 aliquid
904 2677 1033 2759 exigitur

75 2781 124 2846 pro
142 2763 337 2848 impertienda
359 2763 480 2828 licentia
501 2761 630 2825 docendi
650 2761 834 2844 theologiam
856 2781 928 2827 cum
946 2767 1032 2831 titulo

79 2853 214 2932 doctoris,
229 2854 275 2918 vel
291 2852 450 2916 decidendi
468 2869 555 2914 casus
568 2849 697 2914 morales
710 2870 765 2933 pro
784 2852 866 2916 bono
880 2855 1030 2935 scientiae,

78 2942 273 3022 quamvishoe
292 2941 442 3006 conducat
459 2939 497 3002 ad
518 2941 687 3002 animarum
706 2959 827 3022 pacem3
851 2961 938 3008 secus
955 2949 1032 3008 esset

77 3029 226 3096 dicendum
236 3080 245 3110 ,
256 3033 281 3095 si
294 3032 354 3094 hoc
365 3029 499 3094 officium
511 3029 648 3092 tenderet
659 3031 776 3092 tantum
790 3032 829 3094 ad
842 3031 957 3096 bonum
972 3035 1033 3114 spi*

78 3120 189 3202 rituale,
212 3127 285 3205 puta
307 3125 343 3184 ut
363 3119 414 3182 alii
433 3124 624 3182 moverentur
641 3119 680 3181 ad
702 3121 925 3202 poenitentiam,
946 3129 1029 3184 etc...

79 3207 104 3268 S.
118 3209 233 3292 liguor.
249 3209 313 3289 (lib.
329 3213 360 3286 3,
385 3207 427 3270 n¹⁸
440 3208 556 3288 93-95).
572 3207 647 3270 Vide
667 3209 813 3272 Clamant.
829 3209 903 3275 Ciam
920 3211 978 3287 ait,
1000 3208 1034 3271 de

77 3299 227 3377 magistris.
253 3299 307 3360 llis
328 3303 430 3362 autem
451 3295 528 3360 forte
551 3315 614 3360 non
627 3297 763 3361 absolute
779 3298 951 3360 adversatur
964 3315 1031 3380 cap.

79 3383 182 3459 Quanto
195 3391 232 3466 3,
247 3387 283 3450 de
295 3386 449 3468 magistris
462 3385 641 3464 (Reiffenst.,
656 3385 708 3448 lib.
723 3390 760 3464 3,
776 3385 817 3447 tit.
836 3389 864 3459 5,
881 3385 916 3448 de
929 3387 1035 3469 magis-

78 3475 139 3554 tris,
153 3475 193 3537 η’·
206 3482 256 3554 34,
271 3480 354 3557 eie).

112 3567 197 3628 titt.
207 3569 282 3630 item
294 3583 358 3630 uon
370 3564 461 3630 debet
471 3563 576 3627 haberi
584 3569 618 3626 ut
626 3579 675 3626 res
688 3562 847 3644 spiritualis
860 3567 1034 3630 sustentatio

76 3665 206 3732 persona
220 3657 309 3738 tqut
322 3654 475 3738 spirituale
484 3657 663 3737 prestatura
679 3650 759 3714 unde
774 3669 835 3714 non
849 3660 892 3716 cst
906 3653 1034 3716 simonia
