2462 3984
228 129 264 190 Vll
448 156 585 202 nuntians
604 155 704 201 sonus
724 152 807 199 runis
828 150 976 199 ennourer.

226 275 241 313 i
266 251 426 336 Principis,
436 252 652 330 Universitetis,
667 251 712 315 rel
727 251 850 314 alterius
863 246 975 332 publici
990 249 1194 332 corporisne

227 363 242 400 o
267 360 403 422 personae
424 342 455 404 in
473 342 621 406 eminenti
634 348 664 404 et
680 339 801 424 publice
819 339 993 404 auctoritate
1015 341 1192 418 constitutae3

227 451 243 490 a
269 429 375 513 hisque
398 430 467 494 addi
490 437 617 514 possunt
639 429 732 494 etiem
759 428 827 492 libri
856 427 1061 511 parochiales,
1091 433 1196 494 censis

228 541 243 582 s
268 520 500 600 insinuationes,
520 527 585 584 acta
603 519 806 582 Conciliorum
823 525 852 581 et
875 518 1070 598 huiusmodi;
1088 519 1135 582 rel
1148 520 1196 583 de-

228 629 243 670 a
268 625 354 672 mum
376 627 415 672 ex
437 609 503 674 loco
524 609 646 691 publico
673 609 725 670 ubi
748 606 980 686 custodiuntur,
1004 607 1110 691 quales
1131 619 1196 673 sunt

228 719 244 759 u
268 697 424 780 scripturae
437 717 474 762 ex
488 699 609 782 publico
622 697 754 762 archivio
765 697 942 778 desumptae.
959 717 975 757 s

269 791 358 851 stes.
382 789 527 862 Quaenam
541 787 773 868 requirenturut
782 785 912 867 sigillum
926 785 1042 868 probet,
1057 785 1126 850 vide
1139 787 1195 852 dic·

230 883 294 940 tum
304 896 372 959 oap.
388 877 473 940 Inter
485 875 645 953 dilectasti,
660 875 695 936 de
707 875 766 958 fide
778 875 932 946 lustrum:
948 881 978 938 et
986 894 1035 959 ap.
1045 875 1194 941 aetuans

229 965 435 1045 betorites,
450 985 520 1050 pars
534 971 567 1041 ἓ,
584 965 636 1028 lib.
652 969 690 1041 2,
706 964 751 1026 tit.
770 963 825 1038 22,
842 963 884 1026 nr.
898 968 1000 1029 rear.

269 1059 360 1120 5734.
383 1059 585 1119 instrumenta
604 1053 725 1136 publica
747 1059 777 1116 et
795 1054 886 1116 etiam
904 1055 1017 1136 privata
1030 1055 1197 1122 authentica

229 1146 352 1228 plenam
366 1143 458 1206 tidem
471 1145 603 1222 iaciunt,
618 1143 717 1206 donec
729 1143 914 1206 contrarium
928 1144 1082 1227 probetur.

270 1234 302 1298 Si
329 1234 485 1316 scripture
507 1233 641 1316 sigillatas
659 1231 769 1304 suerint
789 1229 966 1296 duntaxatb
989 1237 1120 1316 persont
1143 1238 1197 1319 pn'·

230 1327 316 1401 vati,
340 1329 445 1386 contra
464 1323 543 1386 hanc
564 1321 776 1386 tantummodo
794 1340 971 1404 personam,
986 1324 1011 1385 si
1032 1323 1150 1388 dietum
1163 1327 1197 1388 si-

231 1413 338 1496 gilium
352 1431 407 1496 pro
421 1431 477 1476 suo
486 1419 643 1496 agnoscat,
659 1411 803 1494 probant,
814 1430 876 1474 non
885 1413 956 1475 verb
965 1411 997 1474 in
1006 1415 1054 1475 sut
1063 1415 1196 1496 gratiam.

233 1506 372 1566 Attamen
387 1521 425 1568 ex
436 1501 655 1566 consuetudine
668 1501 799 1582 regionis
812 1507 892 1564 certa
906 1501 1121 1582 instrumenta,
1138 1525 1198 1586 que.

231 1592 305 1656 alies
324 1592 448 1673 dejure
467 1592 624 1656 communi
650 1591 884 1654 authenticorum
904 1591 964 1653 vim
993 1609 1055 1654 non
1075 1591 1196 1670 babent,

231 1679 310 1745 hano
323 1681 383 1746 vim
397 1682 533 1746 obtinere
547 1681 656 1744 vatent.
669 1683 742 1763 *sap
767 1679 843 1744 com
860 1679 985 1743 dilectus
998 1683 1029 1760 9,
1039 1680 1075 1744 de
1086 1679 1147 1764 fide
1158 1683 1199 1742 in·

231 1779 336 1835 strum.
346 1771 420 1835 Vide
433 1791 483 1856 ap.
501 1772 596 1834 Bouix
611 1769 707 1849 (ibid,
720 1789 751 1852 p.
768 1771 920 1850 sas-323).

272 1865 362 1926 5735.
388 1883 404 1922 u
425 1859 586 1944 Scripturae
601 1879 669 1943 quae
678 1859 773 1922 tribus
787 1861 913 1926 munitae
926 1867 997 1925 sunt
1009 1861 1136 1925 testibus
1144 1864 1199 1924 sim

232 1972 248 2011 s
271 1949 384 2014 habent
403 1951 515 2034 publici
534 1948 727 2012 instrumenti
745 1969 760 2007 o
779 1950 861 2030 (Leg.
879 1953 912 2012 ll
931 1950 1003 2013 God.
1022 1950 1081 2028 Qui
1091 1952 1197 2034 potior.

232 2039 264 2102 iu
278 2040 399 2122 pr'puor.
424 2039 589 2122 bobone),
607 2039 632 2101 ai
654 2045 756 2101 tamen
778 2045 893 2102 constet
915 2039 952 2102 de
971 2059 1063 2103 manu
1087 2047 1117 2104 et
1138 2042 1200 2103 sub

232 2129 393 2211 scriptione
407 2130 546 2205 testium,
561 2129 624 2191 sive
637 2145 691 2210 per
704 2127 941 2209 recognitionem
954 2175 963 2208 ,
977 2130 1040 2192 sive
1053 2148 1108 2212 per
1121 2149 1198 2192 oom-

233 2220 430 2300 parationem,
447 2225 477 2281 et
489 2223 589 2300 partes
603 2216 676 2298 ipsae
689 2216 932 2299 subscripserint,
942 2225 1093 2301 testesque
1103 2218 1198 2280 idonci

233 2307 303 2369 sint.
325 2309 399 2368 item
415 2305 489 2368 tides
508 2305 650 2368 tribuitur
664 2305 748 2368 libris
771 2314 988 2386 mercatorum,
1009 2309 1128 2370 ratione
1149 2327 1199 2390 pu·

233 2395 319 2459 blicae
333 2395 467 2458 utilitatis
479 2399 510 2458 et
523 2395 719 2472 commercii,
734 2401 764 2457 et
778 2393 837 2458 boc
850 2395 974 2478 quidem
988 2403 1050 2460 tarn
1064 2415 1121 2478 pro
1135 2397 1200 2460 scri·

233 2483 373 2548 bentibus
387 2486 480 2570 quim
493 2490 599 2548 contra
611 2483 786 2548 scribentes.
802 2483 877 2548 Vide
891 2487 1005 2566 Devoti,
1020 2491 1043 2549 t.
1057 2489 1096 2564 3,
1110 2487 1157 2550 tit.
1171 2492 1199 2560 9,
1228 2497 1229 2500 ’

231 2574 312 2658 §22
331 2574 404 2638 Vide
423 2575 515 2638 etiam
534 2579 591 2638 art.
608 2577 646 2638 ts
665 2573 782 2638 Codicis
796 2574 889 2638 nostri
904 2575 1083 2639 commercii
1100 2581 1131 2640 et
1145 2576 1201 2639 tor·

233 2665 380 2727 malitates
393 2663 475 2748 apud
489 2682 545 2728 nos
559 2679 614 2747 pro
633 2680 706 2728 cusu
725 2662 848 2746 prelato
862 2664 1019 2746 requisitas
1033 2663 1133 2745 (ibid,
1148 2673 1191 2729 art

272 2845 362 2905 5736.
385 2841 543 2916 Quomodo
556 2850 658 2907 autem
672 2843 844 2928 impugnari
858 2843 974 2907 ualeant
987 2845 1199 2922 instrumenta,

232 2930 398 3014 quotuplici
412 2931 504 2996 modo
514 2933 634 3016 probari
649 2933 741 3016 possit
749 2951 856 2996 eorum
866 2931 998 3016 falsitas,
1012 2935 1199 3001 videdictum

233 3020 312 3104 apud
325 3021 468 3086 eumdem
482 3021 579 3086 Bouix
591 3023 657 3104 (ie,
672 3041 703 3106 p.
719 3023 876 3104 323-325).

271 3109 351 3173 lVotc
365 3111 448 3192 qudd
461 3113 577 3176 ratione
592 3113 687 3176 liturae
696 3111 848 3195 reprobari
862 3119 960 3196 potest
969 3115 1200 3182 instrumentum

232 3218 256 3261 sr
272 3198 361 3263 litura
374 3199 463 3264 suerit
476 3203 508 3263 in
523 3207 606 3285 parte
621 3202 807 3265 substantiali
822 3203 949 3267 velutin
963 3205 1200 3291 subscriptione,

231 3287 311 3366 uate,
327 3295 398 3368 eto.;
413 3291 439 3353 si
450 3297 552 3358 autent
571 3291 705 3354 fueritin
726 3299 809 3374 parta
828 3293 1113 3376 consubstantiali,
1132 3295 1201 3361 nibil

232 3377 521 3547 {dpliplnstwmenw
539 3379 680 3446 detrabit.
696 3381 784 3446 card.
808 3382 908 3464 Sogtis
925 3385 1012 3464 (leue.
1020 3385 1092 3470 jur.
1110 3389 1199 3471 prio,
