2526 3988
64 8 200 63 ,Γ

393 209 478 260 ursan
499 211 631 260 raarrus.
970 202 1010 266 59

50 311 128 386 rant,
137 308 219 387 juxta
231 310 262 372 S.
278 309 415 393 Lignum
431 312 554 375 recussi
568 309 749 394 exproiesso
763 311 1008 401 braunate).

51 392 120 457 ldenr
129 396 343 463 estdicendum
357 399 396 464 de
408 400 555 482 religiosis
570 399 649 480 (ib).

81 488 164 548 5624.
176 489 220 551 Ea
233 487 680 571 consuetudineetindulgentia
690 491 721 554 S.
732 489 899 572 Pontificis,
909 492 1008 560 clerici

50 591 153 654 omnes,
164 577 253 640 etiam
265 578 454 658 sacedotes,
467 579 552 642 obire
561 578 659 641 solent
672 597 800 644 munera
811 581 1011 648 advocationis

50 669 73 724 rt
80 667 291 744 procurationis
301 669 332 732 in
341 669 430 732 Gurit
439 667 812 734 Romanl.VideD.Bouix
824 670 875 751 (it.
887 692 917 756 p.
928 675 1008 756 207).

82 757 208 818 5625.-
218 759 268 820 vl.
280 759 396 840 Regula
411 758 563 841 generali,
578 758 708 839 religiosi
719 759 852 824 advocati
862 769 891 824 et
902 781 1011 844 procu-

49 843 142 906 ratoris
166 863 278 911 munus
305 866 445 911 exercere
468 853 645 930 nequeunt,
669 847 759 910 etiarn
783 867 886 912 coram
910 850 1011 930 judice

49 932 253 1018 eoebsiastico,
269 937 329 1000 nisi
347 956 403 1020 pro
415 937 514 1000 causis
532 936 577 1000 sui
592 937 784 1016 monasterii,
800 937 891 1000 rnodb
905 940 922 1000 a
935 940 1013 1002 Prae-

50 1017 99 1084 lato
119 1041 171 1088 suo
185 1025 318 1110 regulari
336 1026 374 1090 ad
394 1025 425 1089 id
440 1025 638 1110 deputentur3
659 1025 794 1088 betasius
808 1032 910 1089 minen
932 1028 1013 1111 Papa

51 1111 179 1192 permittit
192 1115 260 1180 illos
274 1135 315 1180 ex
327 1115 550 1200 dispensatione
562 1113 628 1180 lieri
649 1113 823 1179 defensores
837 1115 926 1199 (Vide
942 1135 1009 1200 cap.

52 1199 86 1262 lle
97 1207 284 1283 presentium
304 1209 364 1284 ab,
387 1224 420 1288 q.
444 1207 474 1285 l,
495 1223 586 1270 causa
603 1205 662 1286 lb).
694 1203 836 1268 Canonici
859 1207 1012 1290 regulares

52 1293 250 1373 comprehendi
264 1295 379 1360 debent
391 1295 424 1361 in
436 1294 653 1378 prohibitione,
667 1295 751 1375 juxta
765 1313 832 1378 cap.
843 1300 880 1374 2,
900 1295 944 1359 tit.
960 1299 1010 1376 37,

52 1377 94 1442 tib.
114 1385 125 1443 l
142 1383 260 1449 bearet.
272 1385 462 1450 -Praelatus
480 1390 581 1449 autern
600 1383 721 1447 Ordinis
737 1389 834 1466 potest
847 1403 912 1448 esse
925 1383 1014 1449 advo-

51 1476 122 1532 catus
140 1472 183 1536 vol
204 1482 394 1557 procurator,
410 1493 472 1537 non
490 1473 658 1556 solbmprc
671 1473 798 1536 utilitate
815 1475 1010 1549 monasterii,

53 1558 194 1626 sedetiam
207 1583 265 1647 pro
276 1564 343 1628 aliis
352 1564 450 1628 causis
459 1562 683 1641 ecelesiasticis,
696 1560 722 1625 si
739 1561 798 1625 sint
815 1579 919 1645 gravoe
932 1570 962 1627 et
975 1564 1013 1628 nd

53 1649 193 1716 utilitatem
204 1653 358 1736 publicam
370 1653 590 1736 pertineantrv.
601 1671 630 1734 g.
638 1651 663 1714 si
673 1658 811 1734 ageretur
821 1652 858 1716 de
868 1652 1013 1718 electione

54 1737 188 1824 Episcopi,
197 1761 255 1807 neo
266 1741 382 1825 indiget
390 1742 509 1806 licentia
520 1739 567 1806 sui
575 1742 741 1804 conventus
751 1740 873 1805 utdicto
887 1760 1014 1806 munera

54 1823 126 1909 lungi
138 1833 239 1913 possit.
250 1835 412 1897 -Utrum
425 1838 526 1896 autern
543 1829 675 1913 religiosi
689 1828 821 1893 adrorati
839 1837 891 1893 aut
904 1851 1012 1913 procu·

55 1923 153 1984 ratores
165 1939 229 1987 esse
244 1923 362 2007 possint
374 1921 413 1986 ad
421 1920 549 1986 tuendas
559 1918 745 1984 miserabiles
758 1937 901 2002 personas
914 1919 1016 2004 dispu-

56 2010 172 2073 tantllll.
188 2009 266 2076 Vide
277 2011 373 2074 Bouix
386 2059 396 2091 ‚
408 2009 464 2090 id,
480 2029 511 2093 p.
525 2011 595 2072 lli.

93 2095 161 2160 Noto
173 2100 258 2184 qudd
273 2119 364 2165 nemo
378 2101 471 2184 possit
485 2099 552 2182 cogi
571 2095 610 2162 ad
628 2096 855 2181 suscipiendum
868 2117 1015 2182 procura-

57 2185 118 2250 toris
129 2207 256 2270 munus‚
269 2191 326 2254 nisi
337 2189 413 2253 torte
421 2191 453 2254 in
465 2189 567 2274 aliqud
577 2187 661 2252 curia
672 2187 871 2254 ecclesiastica
883 2187 1015 2254 officium

55 2273 118 2338 illud
130 2287 206 2344 esset
217 2280 389 2364 publicum.
404 2280 532 2360 (Bouix,
548 2277 603 2359 ab,
619 2297 650 2361 p.
667 2280 749 2360 193.)

87 2370 169 2432 5626.
185 2372 310 2446 Quaerit.
329 2369 362 2434 ³⁰
380 2370 495 2444 Quibus
513 2369 545 2432 in
566 2368 665 2436 causis
681 2373 856 2452 procurator
874 2369 1014 2436 constitui

55 2459 157 2536 possut

87 2549 171 2633 Hesp.
183 2554 219 2616 ln
238 2547 382 2616 omnibus
396 2549 495 2614 causis
513 2549 546 2614 in
566 2549 677 2633 quihus
692 2549 723 2612 id
743 2567 805 2613 non
824 2548 971 2632 reperitur
984 2548 1015 2610 in

55 2635 110 2719 lege
130 2641 271 2723 expresse
303 2639 513 2723 prohibitum:
535 2639 577 2702 its
598 2655 716 2702 omnes.
738 2637 894 2718 Excipitur
916 2644 1016 2700 autem

53 2743 129 2791 rasus
139 2731 192 2792 ubi
205 2728 369 2812 infligenda
381 2735 459 2792 esset
472 2747 561 2813 poena
575 2727 712 2811 corporis
729 2725 877 2806 afflictius,
890 2729 1017 2810 proque

54 2833 114 2879 rous
125 2817 249 2882 deberet
257 2819 452 2902 personaliter
459 2825 537 2882 stare
550 2819 582 2880 in
589 2817 704 2898 judicio
715 2836 724 2880 r
735 2817 870 2900 alioquin
884 2815 1016 2881 illusoria

54 2923 124 2989 saepe
132 2907 211 2972 effici
219 2916 320 2992 posset
331 2905 581 2988 sententia,obm
590 2925 661 2970 reus
672 2908 780 2971 absens
788 2907 894 2989 lugere
904 2912 1015 2989 posset,

52 3001 79 3056 et
90 2997 153 3062 talis
165 3016 258 3082 poena
271 3015 334 3062 non
347 3003 444 3084 potest
459 2997 492 3060 in
505 3003 732 3080 procuratorem
745 2996 915 3062 executioni
929 3013 1017 3058 man·

53 3081 123 3150 dart:
136 3087 242 3162 Quoad
256 3093 357 3152 autern
371 3093 524 3167 actorem,
535 3086 603 3151 ride
622 3106 671 3170 ap.
687 3087 784 3150 Bouix
797 3085 863 3168 (ab,
877 3104 909 3168 p.
925 3085 1015 3162 stt),

52 3174 225 3243 ubidicitur
241 3177 325 3263 qubd
337 3177 427 3241 hodie
441 3195 505 3240 non
522 3177 691 3260 requiratur
704 3177 834 3260 amplius
852 3171 1018 3258 personalis

54 3261 140 3344 ipsius
153 3269 321 3352 presentia.

88 3359 354 3434 seruauerint·
367 3357 526 3434 Quomodo
535 3364 711 3440 procurator
718 3357 757 3420 sit
765 3350 1018 3419 constituendus?

88 3445 170 3531 Resp
189 3451 214 3513 t.
229 3450 328 3514 Etiam
341 3448 451 3514 absens
464 3452 639 3532 procuratu
653 3445 793 3511 constitui
808 3448 916 3526 potest,
926 3441 1019 3506 rnodd

57 3539 213 3606 consentiat
252 3539 421 3604 ·onsentire
430 3539 502 3603 verb
520 3545 660 3602 censetur
673 3536 787 3599 litteras
800 3533 1019 3616 procuratorias

56 3627 147 3699 natam
162 3629 357 3712 accipiendo,
372 3629 435 3693 inrd
453 3629 582 3694 scienter
596 3626 662 3689 illas
675 3621 848 3705 recipiendo
868 3621 934 3686 sine
952 3639 1019 3702 pro·
