2466 4258
231 134 290 196 710
447 151 586 198 ueduata
606 150 712 198 'l'tl‘llUS
732 151 810 196 tuate
831 151 982 198 canumet.

271 267 433 332 Dronarou
461 286 516 331 rao
544 285 647 332 causis
682 286 900 332 carurulueus.
924 271 992 330 Non
1016 267 1054 330 ita
1074 268 1155 344 pr'den

230 373 247 419 a
262 357 295 418 S.
311 355 558 437 congregatione
573 358 705 438 negotiis
721 365 753 419 et
774 356 1057 420 consultationibus
1074 355 1156 437 Episco-

231 462 344 527 porum
359 457 389 508 et
401 445 604 524 Regularium
621 447 798 528 prepositae
823 444 1157 524 nonnullaeregulapra·
1196 461 1197 482 ³

230 535 355 616 scriptae
369 533 496 598 luerunt
519 554 575 614 pro
598 545 682 600 recta
702 543 733 598 et
754 536 900 616 expedita
923 535 1097 598 delinitione
1112 551 1158 594 cru·
1197 550 1198 553 ’

231 643 336 686 sarum
364 623 588 702 criminalium,
608 645 721 708 quaea
758 624 859 688 Curiis
887 624 1111 707 Episcopum,
1131 620 1158 682 nl

230 711 469 776 ordinariorum
482 717 522 778 ad
534 715 680 778 eamdem
697 714 729 778 S.
754 713 1035 796 congregationem
1055 715 1082 776 in
1098 711 1159 794 gradu

231 803 454 885 appellationis
469 802 666 867 deferuntur.
689 803 772 878 Quas
793 805 926 886 quidem
946 803 1160 887 proscriptiones.

228 893 384 974 ¹quoniam
412 895 637 973 impedimenta
673 894 799 956 sublata
832 903 918 970 sunt,
943 913 1014 975 quae
1037 894 1124 974 aliqua
1140 907 1161 950 rr

233 993 321 1065 parte
349 1001 458 1046 earum
484 983 663 1046 executioni
694 984 881 1064 interposita
896 982 1030 1060 luerent,
1044 985 1161 1045 visunesl
1189 1016 1195 1051 2

232 1072 497 1136 Eminentissimis
512 1073 657 1134 Patribus
673 1075 705 1134 in
719 1071 885 1136 Conventu
895 1073 1003 1136 habito
1017 1067 1162 1136 lilllralenl.

229 1161 359 1242 januar.
386 1161 631 1239 dccccxxxv,
664 1163 793 1224 ulterius
821 1163 983 1243 explicare
1005 1171 1035 1224 ct
1057 1179 1114 1224 com
1135 1177 1162 1218 rs·

155 1313 159 1317 .
233 1271 327 1316 sensu
345 1260 375 1313 et
397 1251 626 1332 approbatione
648 1252 680 1315 S.
701 1251 737 1314 Ι).
764 1253 800 1313 N.
829 1249 969 1331 Gregorii
997 1250 1069 1318 titt,
1089 1252 1163 1310 iterun

234 1341 447 1423 promulgare,
464 1351 498 1402 ut
519 1341 559 1404 ab
582 1341 746 1416 omnibus,
766 1341 806 1404 ad
826 1359 906 1421 quos
928 1345 1093 1421 pertinent,
1106 1353 1163 1398 arcn-

234 1431 391 1492 ratissime
404 1438 582 1492 servantur.
601 1429 680 1492 Sunt
697 1440 886 1509 autemquae
902 1439 1085 1511 sequuntur.

273 1521 296 1581 1.
322 1553 361 1564 -
380 1518 452 1581 lleis
475 1537 492 1579 a
515 1517 617 1582 Curiis
646 1517 882 1599 episcopalibus
910 1517 1068 1580 criminali
1084 1512 1164 1596 juditio

234 1607 392 1670 damnatis
417 1608 555 1688 spatium
585 1607 711 1672 dierum
735 1608 844 1672 dacem
875 1608 1077 1688 conceditur,
1097 1598 1163 1686 quial

234 1697 266 1760 S.
283 1695 565 1778 Congregationem
578 1697 808 1780 Episcoporum
832 1705 863 1760 et
881 1695 1083 1779 Regularium
1096 1691 1163 1776 appel·

234 1788 300 1850 lare
315 1787 448 1868 possint.

275 1875 316 1938 ll.
336 1910 373 1922 -
388 1873 502 1940 Decem
516 1876 582 1940 dies
609 1875 772 1940 numerari
799 1873 956 1957 incipient
975 1893 1038 1939 non
1052 1893 1068 1938 a
1080 1873 1155 1948 dictet

236 1966 391 2028 sententia
413 1965 476 2029 lata
492 1975 548 2042 est,
565 1966 618 2028 sed
635 1985 653 2028 a
676 1967 727 2028 dia
748 1981 812 2046 quo
827 1983 882 2028 reo
898 1967 950 2029 vel
967 1969 1037 2047 ejus
1057 1965 1153 2029 delam

237 2076 292 2138 per
308 2055 474 2119 Cursorem
490 2053 680 2118 denunciata
697 2054 772 2118 luit.

275 2145 325 2207 lll.
339 2143 437 2206 -lio
454 2155 594 2226 tempore
609 2145 729 2226 elapso,
754 2144 833 2227 quin
860 2161 934 2209 reus
956 2145 1008 2209 vel
1024 2135 1161 2226 ojosdelu·

236 2253 287 2296 sor
302 2233 519 2316 appellaverit,
535 2232 631 2296 latam
652 2251 671 2295 a
692 2253 726 2298 ee
749 2236 941 2298 senteutiam
969 2234 1122 2316 Episcopus
1137 2240 1163 2284 se

237 2333 361 2406 quetur.

277 2411 328 2476 tv.
339 2447 377 2460 -
389 2411 576 2493 lnlerposita
590 2414 671 2476 intra
681 2412 790 2475 decem
804 2411 872 2476 dies
884 2413 1097 2494 appellatione,
1106 2401 1165 2467 Ctlll

238 2503 431 2584 Episcopalis
446 2513 514 2564 acta
529 2502 723 2584 autographa
740 2503 835 2567 totius
850 2521 956 2568 causta
976 2503 1015 2566 ad
1029 2500 1055 2566 S.
1071 2497 1165 2574 Celet

237 2593 395 2674 gallonem
412 2595 563 2656 continuo
585 2591 789 2668 transmittat,
806 2609 922 2672 nempe
939 2610 947 2655 :

279 2685 306 2742 l.
324 2683 513 2746 Processum
536 2683 638 2762 ipsum
655 2681 688 2742 in
704 2679 797 2744 Curia
812 2681 1020 2758 conlectum

277 2777 306 2830 t.
324 2769 397 2849 lljus
414 2769 603 2846 restrictum,
618 2787 674 2834 seu
689 2767 965 2850 compendiariam
988 2763 1163 2851 expositionem

238 2877 359 2936 eorum,
376 2877 446 2939 ‹puae
460 2878 498 2920 ex
512 2859 624 2922 eodem
639 2877 787 2941 processu
801 2871 991 2942 euterguut3

277 2947 306 3011 3.
324 2948 526 3012 ltel'ensiones
546 2966 603 3029 pro
624 2966 678 3011 reo
694 2945 874 3022 exlribitas3

277 3039 307 3102 l.
324 3037 465 3120 lienique
481 3037 671 3100 sententiam
688 3037 801 3100 latam.
1144 3107 1149 3121 ,

278 3125 454 3208 v.-1psa
479 3124 571 3189 Curia
598 3145 653 3190 reo
678 3127 813 3208 ejusque
838 3110 1162 3192 detonsorteenuuiell

237 3217 482 3299 appellationem
512 3233 620 3278 coram
641 3215 753 3278 eadem
775 3213 807 3279 S.
833 3213 1077 3300 congregatione
1093 3217 1164 3292 prose·

238 3308 398 3388 quendam
415 3323 494 3368 esse.
1153 3377 1157 3388 Ι

278 3395 309 3456 Si
327 3413 419 3457 nemo
443 3403 636 3476 compareat,
652 3404 707 3458 aut
736 3393 762 3458 si
787 3394 1014 3478 appellationis
1028 3400 1086 3458 acta
1101 3377 1167 3460 negl-

239 3495 348 3568 gonter·
363 3484 410 3546 vel
429 3483 581 3548 malitiose
596 3483 839 3568 protrahantur,
863 3502 1037 3568 eorrgrueus
1051 3481 1167 3557 tcaput
