2462 3984
993 1 1143 26 ...TW

227 108 282 170 ltltt
445 123 581 169 urrunnu
602 124 703 170 renus
722 121 805 170 runis
825 119 975 194 cruourcr.

224 224 387 306 requiritur
404 227 438 287 ut
451 224 599 286 sententia
612 225 650 286 sit
663 221 760 287 valida
775 222 856 306 (cap.
872 222 1073 298 Medicinalia,
1087 221 1125 286 de
1137 245 1198 287 sen-

224 321 296 374 tent.
312 331 466 392 excomm,
482 311 514 374 in
528 314 586 397 6⁰).

261 407 294 464 2⁰
316 404 419 466 [lausae
439 401 664 485 appellationis,
680 400 705 464 si
726 402 875 466 sententia
893 403 925 466 in
938 403 1039 486 prima
1058 404 1201 466 instantii

224 490 282 553 lata
296 498 452 555 revocetur
468 493 546 574 (cap.
569 489 749 553 Bertltotdus
763 495 819 568 l8,
840 491 876 554 de
894 501 1015 556 sentent.
1031 501 1109 555 etse
1119 491 1201 573 jud}

223 583 254 642 3ο
268 580 395 653 Quando
409 581 440 642 in
454 579 613 659 sententia,
624 582 643 643 t
651 581 731 659 iure,
742 585 852 644 statuto
863 589 914 643 aut
925 581 1151 645 consuetudine
1160 602 1201 642 re

223 670 350 733 ceditur.
363 669 438 732 Vide
452 669 546 732 alium
559 686 665 732 casum
679 671 697 730 a
712 667 980 752 Schmalagrueber
993 671 1137 749 relatum,
1154 691 1199 752 ap

224 757 340 838 Boulis,
355 758 400 822 De
413 757 555 834 Iudiciis,
571 776 602 840 p.
618 761 688 820 234.

264 851 354 912 6960.
378 883 417 895 -
437 849 500 910 VII.
523 847 673 919 Ouaeritur
693 847 890 930 quandonam
913 849 1063 912 sententia
1082 849 1118 912 in
1138 867 1200 912 rem

221 935 552 1018 judicatamtranseatl
1226 1009 1227 1014 ἵ

265 1029 354 1109 Resp.
380 1027 445 1089 Hoc
465 1025 641 1107 regulariter
667 1026 788 1090 evenire
810 1026 950 1110 quando,
965 1028 1027 1092 sive
1041 1029 1202 1110 expresse,
1226 1041 1227 1100 5

224 1116 284 1178 sive
299 1116 387 1179 tacite
408 1117 447 1193 (v.
464 1135 494 1197 g.
511 1132 573 1176 non
587 1114 795 1198 appellando),
809 1117 1031 1181 condemnatus
1044 1117 1203 1180 sententis

223 1204 398 1286 acquiescit.

265 1293 369 1356 Plures
391 1311 478 1356 casus
498 1291 690 1374 excipiuntur
711 1295 730 1356 a
751 1293 1045 1377 Schmalzgrueber:
1067 1297 1105 1356 l·
1117 1313 1202 1358 ecana

224 1401 285 1465 quo
300 1383 448 1446 sententia
469 1389 514 1446 est
527 1383 611 1445 irrita
630 1383 695 1464 ipso
706 1384 775 1463 jure
798 1385 842 1462 (ut
855 1383 880 1446 si
893 1387 911 1446 d
923 1383 1025 1463 judice
1044 1384 1203 1465 incompe-

224 1478 321 1550 tente,
337 1473 382 1535 vel
395 1472 425 1533 iu
439 1471 548 1535 falsum
562 1479 789 1554 procuratorem
802 1471 949 1536 mandato
962 1479 1140 1550 carentem,
1157 1479 1203 1534 ant

224 1568 328 1624 contra
339 1562 389 1642 jus
404 1579 568 1624 commune
581 1560 621 1622 sit
633 1559 718 1641 lata);
732 1579 789 1624 nec
800 1561 833 1622 in
846 1579 884 1624 eo
895 1579 970 1624 casu
983 1561 1149 1644 appellatio
1164 1569 1204 1622 est

225 1650 404 1729 necessaria,
415 1656 506 1732 prout
515 1668 606 1732 supra
620 1649 752 1712 diximus
765 1651 878 1728 (5953).
892 1653 924 1712 2⁰
934 1651 965 1712 Si
981 1649 1135 1712 sententia
1150 1651 1204 1711 leta

225 1740 263 1802 sit
277 1741 307 1802 in
322 1743 412 1803 causa
427 1738 638 1801 matrimoniali
651 1785 660 1816 ‚
671 1744 701 1801 et
713 1738 752 1801 de
766 1739 861 1820 ipsius
873 1738 973 1802 valore
986 1747 1096 1820 agatur
1109 1757 1118 1800 ε
1129 1741 1204 1800 ratio

227 1835 317 1912 patet.
333 1833 365 1893 3⁰
379 1832 413 1892 ln
436 1831 527 1892 causd
549 1826 738 1904 beneficiali3
755 1845 825 1889 nam
846 1828 901 1890 etsi
920 1828 1071 1890 sententia
1087 1828 1122 1889 in
1139 1848 1204 1890 reru

223 1918 507 2001 judicatam,quoad
515 1935 585 1981 eum
593 1916 812 1998 quisuccubuit
820 1921 850 1979 et
859 1917 936 1978 intra
945 1916 1133 1980 decendium
1145 1937 1205 1980 non
1225 1963 1226 1978 .

225 2007 398 2092 appellavit,
413 2007 573 2086 transierit,
588 2011 720 2070 attamen
734 2005 870 2068 validitas
885 2006 959 2068 tituli
975 2013 1079 2088 posset
1092 2007 1134 2070 ab
1148 2008 1204 2069 alia

225 2099 354 2182 opponi,
369 2097 449 2160 etde
463 2099 498 2158 et
512 2096 602 2158 etiam
613 2095 708 2175 judex
722 2102 819 2176 potest
827 2095 981 2177 inquirere
989 2097 1068 2177 (cap.
1089 2095 1205 2159 Consti·

227 2189 299 2248 tutis
312 2192 351 2250 id
364 2232 372 2264 ‚
387 2185 423 2248 de
434 2183 569 2266 appell).
585 2190 617 2246 6·
632 2185 663 2246 Si
673 2183 785 2247 seratur
798 2185 945 2247 sententia
956 2187 1204 2248 excommunice-

227 2277 333 2353 tionis‚
349 2273 556 2355 suspensionis
568 2279 598 2336 et
612 2273 761 2336 interdicti
778 2294 785 2334 :
807 2281 985 2336 censuratus
999 2271 1130 2354 quidem
1146 2295 1205 2337 nnn

227 2372 324 2446 potest
337 2369 405 2446 post
426 2361 608 2424 decendium
621 2363 784 2444 appellare,
802 2362 856 2425 sed
869 2369 966 2444 potest
983 2363 1146 2444 querelam
1161 2367 1208 2426 de

227 2453 305 2516 terre
325 2451 443 2515 dotalis
457 2451 614 2514 sententiae
628 2451 789 2530 injustitia,
804 2457 833 2513 et
853 2451 891 2513 ab
904 2454 940 2514 ed
959 2455 1062 2532 petere
1082 2452 1207 2515 absolu·

226 2543 342 2606 tionem
355 2545 434 2624 (cap.
452 2541 526 2606 cam
545 2541 695 2622 coutinpct
709 2542 764 2618 36,
779 2538 814 2602 de
828 2543 900 2621 offic.
915 2539 985 2622 jud.
1005 2537 1127 2621 delep.;
1139 2563 1207 2624 cap.

228 2633 282 2695 lin.
298 2632 333 2694 de
342 2631 451 2714 poeuis;
467 2648 534 2712 cap.
551 2628 643 2692 Sacro
655 2633 711 2708 18,
726 2627 762 2692 de
773 2631 1075 2708 sentententiam).
1089 2630 1208 2694 Eodem

228 2721 320 2783 modo
336 2719 457 2801 probari
471 2723 573 2801 posset
589 2717 723 2800 aliquem
737 2735 803 2782 esse
816 2720 945 2782 censura
959 2717 1087 2799 ligatum
1101 2731 1208 2782 contra

229 2808 409 2874 sententiam
423 2811 483 2890 qut
499 2809 535 2870 ed
550 2807 695 2872 immunis
717 2807 929 2889 pronuntiatus
948 2805 1023 2884 luit,
1037 2823 1112 2869 nam
1138 2827 1209 2871 sen·

229 2899 322 2962 tentia
336 2915 399 2959 non
413 2901 512 2980 potest
524 2904 642 2960 mutare
655 2895 698 2958 rei
712 2897 886 2972 veritatem,
900 2896 925 2958 si
940 2896 1047 2958 revera
1058 2894 1086 2958 is
1106 2897 1146 2960 sit
1158 2917 1209 2960 ex·

229 2987 481 3052 communicatus.
497 2990 529 3050 5⁰
544 2987 575 3049 Si
588 2985 735 3048 sententia
750 2985 807 3047 lata
821 2986 859 3047 sit
872 3002 909 3046 ex
923 2981 1005 3048 falsis
1018 2985 1210 3048 instrumen-

229 3079 268 3140 tis
299 3081 331 3139 et
362 3073 563 3150 testimoniis,
601 3075 691 3136 etiam
723 3079 789 3155 post
828 3071 1009 3136 decendium
1056 3077 1210 3136 sententia

229 3163 405 3247 hujusmodi
418 3162 570 3226 retractari
585 3168 692 3244 potest.
703 3165 736 3224 6θ
748 3161 903 3224 Sententia
916 3161 1020 3223 lataex
1030 3161 1211 3241 juramento

231 3254 418 3330 necessario,
433 3270 521 3316 secus
534 3251 559 3314 si
573 3255 590 3313 tl
615 3257 698 3332 parte
718 3250 807 3313 luerit
820 3249 965 3312 delatum.
981 3249 1013 3312 Si
1026 3268 1064 3312 ex
1078 3252 1210 3332 repertis
1224 3269 1225 3324 i

230 3353 333 3427 postea
353 3340 560 3405 instrumentis
580 3339 653 3403 salsa
675 3341 857 3422 reperiatur,
879 3339 1032 3404 retractari
1053 3347 1158 3420 potest
1181 3347 1209 3401 et

229 3433 329 3495 debet.
345 3465 385 3478 --
398 3435 460 3495 Lex
474 3427 656 3494 Admcncudi
665 3477 675 3508 ,
689 3427 722 3490 ff.
739 3429 782 3491 De
794 3425 1005 3528 Jurejumcdp.
1107 3517 1115 3528 .
1224 3445 1225 3528 q

270 3523 360 3584 6961.
377 3553 414 3568 -
430 3521 505 3582 Vlll.
521 3515 1207 3592 Quinamsinteffectussententraedefimtirael
