2526 3988
436 343 520 390 evera
541 346 607 390 rear
615 345 672 394 rus.
1004 328 1043 389 63

88 441 215 514 pensetur
227 455 318 501 omne
330 437 477 502 damnum
491 440 545 521 ipsi
561 460 615 522 per
628 441 748 522 eulpam
763 440 964 524 procuratoris
979 440 1042 500 iiia·

88 531 160 586 tum:
175 526 198 588 si
216 528 285 591 verb
299 535 474 611 procurator
487 529 600 592 dictum
620 529 768 594 damnant
782 545 979 612 compensare
994 547 1044 591 na-

86 621 182 693 queat,
196 613 321 680 domino
335 617 508 681 conceditur
521 619 668 682 restitutio
683 619 713 681 in
729 619 899 702 integrum:
916 619 946 681 id
961 628 1004 682 est
1016 617 1043 680 oi

87 704 247 769 conceditur
259 707 387 770 facultas
399 706 438 769 de
456 707 689 788 eaustjudicattt
707 709 815 771 iterum
831 707 988 790 litigandi,
1009 725 1045 770 ac

84 793 103 851 si
127 794 255 858 nondum
277 794 385 860 suisset
400 797 532 878 judicata
552 799 634 880 (Leg.
657 797 841 880 Elepnnter,
856 797 888 860 a.
907 795 941 860 de
955 796 1039 876 doto).

85 881 151 945 Vide
164 883 256 948 Bouix
270 885 337 964 (in,
353 905 384 968 p.
400 890 481 964 bit).

118 972 248 1036 Vicissim
258 981 435 1057 procurator
446 975 495 1054 jus
509 973 598 1038 babet
611 975 765 1058 repetendi
779 993 885 1039 omnes
899 993 1044 1056 expensas

85 1079 150 1140 quas
161 1063 319 1127 occasione
329 1063 461 1126 mandati
477 1063 555 1128 bona
570 1063 630 1128 tide
644 1065 713 1127 iecit
724 1065 801 1144 (vide
815 1082 881 1146 cap.
904 1063 978 1126 Ciam
987 1083 1045 1146 pro

84 1151 158 1212 6666
171 1155 200 1230 6,
215 1153 260 1216 ut.
276 1155 328 1232 38,
341 1153 392 1214 lib.
407 1159 422 1216 t
436 1155 576 1232 Deerat).
594 1153 640 1217 Ad
650 1153 782 1216 heoredes
798 1153 904 1216 transit
917 1161 1044 1235 utraque

85 1237 153 1302 dieta
165 1242 242 1305 actio
254 1249 322 1306 tum
337 1242 527 1320 mandantis,
549 1251 616 1307 tum
631 1244 843 1326 procuratoris.
867 1241 940 1305 Vide
954 1241 1041 1304 dard.

85 1329 172 1412 Sogiia
185 1331 344 1416 (Insopor.
355 1332 451 1416 pria,
467 1331 550 1413 §20¹1
567 1335 596 1395 in
611 1335 691 1418 fine).

104 1423 201 1568 fljidbt.
225 1422 349 1495 Quaerit.
372 1424 403 1486 6ο
421 1423 592 1505 Quotuplici
614 1424 705 1486 modo
728 1429 822 1486 cesset
843 1423 1044 1506 procuratoris

88 1525 102 1569 6
121 1509 227 1572 teiam?

118 1601 201 1682 ltesp.
218 1603 342 1665 Cessme
356 1605 388 1665 {⁰
410 1619 464 1684 per
477 1603 719 1682 revocationem,
735 1621 767 1666 re
787 1603 885 1666 adbuc
906 1603 1040 1684 integrtt3

87 1685 107 1746 ai
119 1691 182 1751 verd
195 1709 242 1753 res
257 1709 320 1754 aon
334 1691 465 1774 amplius
476 1692 515 1754 sit
533 1691 647 1773 integra
663 1711 724 1754 non
734 1693 812 1755 valet
828 1692 975 1754 revocatio
986 1691 1041 1754 nisi

88 1793 119 1837 er
128 1780 200 1858 justi
214 1783 306 1844 causa
320 1780 382 1844 dat.
398 1781 474 1843 Vide
488 1799 554 1862 cap.
573 1781 708 1857 Quamvis
722 1785 758 1859 6,
773 1779 808 1843 de
821 1781 1043 1842 Proearotr'oni-

90 1863 146 1944 trs,
168 1869 198 1932 in
215 1875 259 1951 θ’,
283 1869 338 1934 ubi
356 1879 573 1934 enumerantur
586 1871 687 1954 plures
707 1891 805 1936 oausae
817 1873 905 1951 justae
927 1889 1045 1934 revoca·

89 1955 175 2023 tionis.

125 2050 201 2114 6633.
223 2053 264 2116 ut
284 2048 383 2114 valida
402 2049 440 2112 sit
454 2049 601 2113 revocatio
615 2069 652 2112 ex
662 2052 743 2130 justa
762 2053 864 2124 causa,
883 2049 1045 2130 requiritur

93 2131 196 2220 insuper
217 2147 252 2204 ut
271 2139 429 2202 intimetur
449 2139 510 2201 sive
530 2137 638 2218 judici,
655 2139 715 2201 sive
736 2138 811 2220 parti
835 2137 965 2200 adversae
983 2158 989 2198 :
1006 2139 1044 2200 ita

90 2243 145 2313 cap.
158 2232 204 2306 ta,
218 2231 265 2292 tit.
282 2233 334 2306 38,
346 2225 425 2292 libi
444 2231 561 2291 [iceret.
576 2226 627 2290 ubi
645 2228 806 2310 Gregorius
816 2230 853 2290 lX
865 2227 924 2289 ait:
940 2229 1045 2290 «ntan-

88 2317 100 2370 6
122 2315 184 2380 dato
202 2317 407 2402 procuratoris
421 2324 487 2399 post
509 2317 590 2379 litem
611 2319 836 2380 contestatamt
852 2317 978 2380 domino
997 2337 1043 2381 re-

88 2425 99 2461 6
121 2413 232 2486 nocato,
248 2408 275 2470 si
297 2407 365 2482 doc,
387 2407 542 2489 a'pnoronte
554 2405 656 2488 jndice
676 2406 720 2468 oet
740 2405 916 2481 aduersorio,
933 2408 1044 2488 foetum

87 2513 99 2548 6
119 2493 222 2575 suerit,
241 2494 393 2576 judicium
413 2494 494 2577 quod
515 2494 595 2556 idern
618 2497 703 2576 quasi
722 2503 896 2576 procurator
910 2501 1043 2576 postmo-

87 2602 100 2640 n
120 2583 189 2648 dum
203 2593 347 2669 expertus
359 2590 421 2664 est,
437 2591 535 2646 ratum
550 2602 615 2646 esse
629 2583 759 2646 debebit.
775 2606 790 2642 o

121 2677 205 2739 6639.
221 2709 263 2722 -
276 2679 308 2738 2·
322 2675 425 2738 Mutuo
439 2691 589 2736 consensu
603 2672 774 2735 mandantis
788 2679 819 2735 et
831 2675 1043 2755 procuratoris,

88 2762 168 2826 etiam
189 2783 222 2829 re
244 2783 308 2828 666
336 2764 452 2846 integra
475 2781 484 2824 :
509 2764 540 2825 in
563 2762 622 2825 boo
646 2769 747 2825 tamen
770 2763 925 2846 posteriori
948 2781 1043 2844 casu,

89 2849 344 2938 Scbmabgrueber
365 2853 458 2934 exigit
479 2851 571 2935 partis
597 2851 728 2916 adverse
753 2869 947 2916 consensum.
971 2853 1046 2916 Vide

89 2940 208 3006 rationes
221 2943 303 3026 apud
314 2945 350 3005 D.
363 2943 458 3006 Bouix
472 2941 538 3021 (ib,
554 2961 584 3024 p.
600 2945 680 3022 222).

122 3034 152 3094 3·
165 3035 221 3096 Per
234 3031 487 3096 renuntiationem
498 3031 708 3113 procuratoris,
719 3031 770 3094 lite
785 3032 921 3096 nondum
933 3039 1047 3096 cantes«

90 3123 163 3184 uta:
180 3123 285 3206 nequit
298 3121 381 3184 6666
404 3127 597 3203 procurator,
619 3125 687 3203 post
700 3121 759 3183 litis
780 3122 1045 3200 contestationem,

91 3207 172 3274 invito
185 3211 362 3288 mandante,
374 3229 439 3274 sese
448 3227 612 3273 exonerare
620 3209 734 3289 officio,
745 3211 800 3272 nisi
811 3229 848 3274 ex
854 3211 934 3291 justa
944 3213 1046 3288 causo,

91 3301 205 3378 putuob
220 3301 427 3364 infirmitatem
449 3299 727 3382 supervenientem,
750 3300 971 3382 inexpectatum
993 3315 1047 3362 nc·

92 3389 215 3470 gotium,
230 3389 418 3454 inimicitiam
431 3407 501 3453 cunr
515 3389 684 3472 principali,
699 3395 755 3452 etc.

126 3482 156 3541 4⁰
175 3482 231 3545 Per
257 3479 500 3544 substitutionem
523 3477 644 3541 alterius
667 3477 887 3561 procuratoris,
910 3477 981 3560 quia
1006 3480 1048 3544 sio

93 3567 167 3647 prior
179 3577 317 3634 censetur
330 3573 484 3631 revocatus
500 3566 601 3629 :unde
615 3566 686 3629 huic
700 3564 781 3630 casui
794 3566 969 3648 applicanda
980 3575 1048 3630 sunt

95 3674 155 3736 quer
166 3657 243 3722 dieta
259 3664 330 3721 sunt
343 3675 433 3738 supra
446 3656 484 3718 de
497 3655 696 3718 revocatione.

130 3747 159 3804 6·
179 3743 336 3810 Dednitivtt
357 3744 504 3808 sententia
524 3743 601 3820 tata,
629 3741 646 3805 t
670 3740 731 3822 qut
752 3743 852 3802 tamen
877 3743 1049 3820 procurator
