2548 3988
417 242 504 290 ursan
524 241 657 288 rannus.
981 226 1040 291 323

64 338 141 402 lium
156 337 540 402 induxerit.-Probabiles
553 342 624 400 sunt
638 336 795 400 sententiaa
807 336 870 400 tarn
889 337 1042 404 affirmans

65 431 160 510 quem
175 445 292 508 negans
306 425 377 508 (ib,
389 439 423 488 n⁰
433 429 493 504 39).

106 519 198 580 6403.
221 517 337 580 Dicitur
357 520 389 578 5⁰
411 515 596 596 conjunctum
610 533 673 577 cum
687 515 889 596 contumacid,
911 517 993 598 quia,
1009 525 1043 582 ut

66 623 159 688 supra
181 605 314 668 diximus
337 607 449 685 (6366),
468 623 596 667 censura
617 610 662 666 est
683 623 773 686 poena
786 603 969 668 medicinalia
985 627 993 668 :
1009 615 1043 671 ut

67 701 171 757 autem
185 694 356 757 incurratur
364 711 493 757 censura
507 711 562 776 pro
576 693 641 755 loro
653 693 789 770 interno,
800 694 963 776 requiritur
972 713 1044 760 con·

67 783 199 846 tumacia
211 801 295 859 vera;
309 802 365 865 pro
379 789 504 848 externo
520 783 592 846 xerd
603 781 713 846 sullicit
726 789 919 865 praesumpta.
934 785 977 863 (S.
992 785 1037 847 Li·
1078 781 1085 790 ’

68 891 171 956 quor,
183 871 235 934 lib.
247 877 279 948 7,
293 874 327 934 n⁰
337 874 404 952 ta.)

108 965 200 1025 6404.
224 960 283 1024 Sed
304 960 353 1024 hlc
373 961 518 1043 quaritur
531 979 570 1024 an
585 960 755 1023 incurratur
773 979 901 1024 censura
915 963 940 1026 si
960 981 1044 1027 man-

67 1049 146 1114 dans
159 1051 384 1114 autconsulens
393 1069 484 1116 suurn
496 1049 674 1114 mandatum
685 1055 739 1112 aut
751 1050 912 1113 consilium
926 1061 1045 1116 revocet

67 1145 140 1203 ante
151 1140 382 1204 executionem?

109 1231 201 1312 Resp.
217 1230 248 1292 Si
263 1247 319 1312 pro
332 1229 445 1294 viribus
459 1234 595 1308 revocet,
610 1227 804 1292 communior
819 1233 849 1291 et
862 1229 1044 1310 probabilior

68 1318 218 1382 sententia
230 1325 312 1382 tenet
322 1317 422 1401 ipsum
437 1337 499 1381 non
513 1318 598 1401 ligari
612 1318 764 1396 censuris,
779 1317 850 1399 quia
859 1317 891 1380 in
904 1337 977 1382 casu
990 1321 1043 1384 de-

69 1407 135 1472 licit
147 1408 337 1472 contumacia
346 1426 415 1489 quae
422 1408 461 1470 ad
470 1407 684 1471 incurrendam
693 1425 854 1470 censuram
868 1409 1042 1490 requiritur.

68 1499 107 1559 tlt
120 1497 202 1561 idem
215 1496 409 1580 probabiliter
419 1503 465 1559 est
475 1497 658 1575 dicendum,
674 1497 743 1559 licet
755 1495 904 1559 revocatio
918 1515 979 1560 non
994 1517 1045 1580 po

71 1587 162 1649 tuerit
183 1587 371 1650 innotescere
396 1587 569 1665 executori,
598 1592 688 1669 prout
714 1584 796 1648 idem
818 1593 957 1649 asserunt
980 1588 1044 1651 Sal-

69 1675 195 1738 mantic.
220 1675 259 1739 de
282 1692 320 1738 eo
344 1675 397 1756 qui
416 1674 498 1737 dedit
511 1693 664 1738 venenum
686 1673 814 1754 clerico,
833 1682 863 1737 et
881 1682 1044 1759 antequam

70 1765 195 1846 incipiat
208 1765 327 1845 operari
341 1765 492 1826 intentum
512 1764 699 1843 retractavit,
714 1770 743 1826 et
757 1761 849 1826 modo
868 1783 930 1846 quo
949 1767 1043 1846 potuit

69 1853 186 1918 curavit
198 1853 339 1917 ctl'ectum
353 1853 500 1934 impedire
513 1851 598 1916 :vide
612 1852 691 1916 dicta
704 1853 917 1934 supra(dbl9);
930 1853 982 1916 sed
992 1855 1041 1917 ad·

69 1941 251 2006 vertendum
265 1948 312 2008 ast
324 1941 406 2024 qudd
422 1941 520 2005 dictus
534 1941 683 2004 mandans
696 1945 749 2002 aut
761 1940 944 2019 consulens,
959 1943 1014 2004 etsi
1028 1947 1043 2006 l

70 2034 202 2096 censura
215 2037 386 2108 excusetur,
401 2037 579 2093 nontamen
605 2029 643 2092 ab
657 2029 839 2109 obligatione
852 2029 1043 2108 restituendi;

70 2128 103 2184 et
115 2140 177 2184 non
192 2123 211 2184 a
224 2124 352 2185 censura
361 2121 452 2183 etiam
465 2125 624 2182 excusatur
638 2118 663 2180 si
676 2118 751 2180 dum
765 2117 974 2180 executionem
986 2119 1045 2180 im·

71 2211 177 2294 pedire
200 2210 322 2294 nequit,
354 2227 416 2273 non
441 2213 564 2272 moneat
590 2205 763 2271 laedendum
793 2212 829 2270 ut
849 2205 906 2270 sibi
932 2215 1043 2272 caveat.

72 2303 115 2382 (S.
129 2301 265 2382 liquor„
281 2300 333 2362 lib.
347 2305 379 2378 7,
393 2301 458 2378 40.)

113 2393 204 2452 6466.
216 2390 333 2454 Dicitur
347 2392 379 2451 6⁰
386 2386 557 2472 propitum.
569 2385 705 2468 Intellige
719 2386 777 2449 nisi
791 2389 896 2468 agatur
907 2385 946 2449 de
959 2387 1046 2451 inter·

72 2477 154 2542 dicto
163 2485 214 2544 aut
223 2479 436 2561 suspensione,
448 2483 482 2540 ut
495 2495 586 2560 supra
599 2476 730 2538 diximus
739 2479 841 2554 (6323,
856 2477 957 2552 6324).

113 2569 235 2642 Ouaerit.
249 2571 295 2630 An
309 2566 478 2650 Episcopus
488 2565 669 2649 possitferre
682 2581 842 2627 censuram
854 2581 908 2644 pro
918 2563 1046 2630 crimine

72 2658 197 2723 tuturo?

113 2751 204 2831 Resp.
220 2747 434 2811 Difficultatem
451 2763 514 2808 non
528 2743 632 2807 adesse
646 2741 747 2825 quoad
761 2759 905 2808 censuras
918 2761 972 2826 per
986 2751 1044 2808 sta-

72 2843 173 2902 tutum
187 2843 239 2901 aut
257 2836 434 2900 mandatum
453 2835 645 2911 constitutas3
667 2833 768 2916 quoad
787 2837 889 2896 autem
902 2852 1044 2899 censuras

73 2947 128 3012 per
141 2927 322 2990 sententiam
336 2926 410 2989 latas
424 2929 514 3006 negat
526 2923 621 2986 Collet
634 2929 719 3000 (tom.
734 2927 770 3002 2,
785 2942 816 3005 p.
832 2925 903 3001 380,
923 2943 954 2986 r·
969 2923 1043 2990 Gen-

73 3021 155 3094 suru)
169 3017 209 3078 ob
222 3035 289 3099 cap.
305 3017 448 3092 Romanu,
459 3013 625 3076 desentcnt.
641 3031 793 3090 excomm„
804 3013 836 3074 in
850 3016 893 3091 6⁰,
909 3012 962 3076 ubi
974 3013 1045 3076 dici·

75 3112 125 3167 tur
141 3124 149 3164 :
168 3107 361 3168 «Caveant...
378 3103 497 3167 Praelati
509 3121 548 3166 ne
567 3102 642 3165 tales
656 3102 819 3166 sententias
838 3101 1047 3164 excommuni-

74 3216 91 3254 n
116 3193 262 3271 cationis,
277 3194 337 3256 sive
350 3193 533 3276 specialiter,
547 3191 609 3254 sive
623 3191 801 3272 generaliter
813 3191 846 3254 in
859 3191 977 3273 aliquos
991 3209 1045 3271 pro

74 3305 90 3346 r
116 3281 225 3345 suturis
237 3279 343 3362 culpis,
358 3281 496 3345 videlicet
510 3281 535 3344 si
549 3281 608 3344 tale
621 3281 696 3362 quid
708 3279 872 3344 facerint...
886 3327 895 3359 ,
912 3279 1045 3362 prolerre

73 3395 90 3434 n
115 3379 313 3455 praesumant,
326 3369 421 3433 nisi...
436 3371 524 3453 culpa
533 3387 587 3432 seu
596 3370 711 3432 oll'ensa
720 3370 916 3451 praecesserit.
929 3389 944 3426 a
958 3367 1042 3428 Allic-

74 3470 161 3526 mant
182 3469 284 3524 tamen
309 3460 412 3544 plures
430 3459 482 3523 alii
503 3477 636 3542 quorum
657 3459 839 3521 sententiam
864 3459 896 3520 S.
921 3457 1043 3538 Lignor.

73 3552 160 3618 valde
175 3549 360 3634 probabilem
377 3555 478 3628 vocat,
497 3549 523 3611 si
542 3547 618 3610 adsit
632 3549 713 3628 justa
729 3563 834 3623 causa;
858 3551 889 3608 et
904 3546 970 3608 talis
983 3553 1043 3626 est,

75 3641 189 3725 iuquit,
206 3659 277 3705 usus
297 3640 499 3704 corrrmuniter
517 3644 656 3720 receptus
670 3637 701 3698 in
715 3635 847 3698 Ecclesia
853 3656 862 3714 ;
884 3635 1044 3719 prohibitio
