2504 3990
295 163 354 216 Glllt
794 164 853 216 cett
1020 165 1067 215 113

84 263 565 332 1116661616666666116161666166666
581 268 685 340 censurat
703 267 782 333 possit
797 266 878 334 ligari,
896 267 973 330 6361,
994 267 1065 318 6338.

83 347 201 401 Ecclesiae
219 346 355 414 pertinent,
374 347 445 400 5513.
468 348 497 400 111
514 347 563 400 hoo
584 348 621 399 66
638 363 748 400 censure
760 347 857 416 privent
867 347 984 400 omnibus
996 347 1068 398 bonis

83 445 113 482 es
123 429 179 495 jure
190 429 275 480 innato
288 443 338 480 non
350 429 407 480 verb
420 444 450 480 ex
462 443 562 480 conces·
585 429 753 496 spiritualibus
767 468 774 492 ,
793 429 862 482 6363.
891 429 929 480 66
957 444 1068 480 censure

82 511 154 563 sione
164 510 314 576 Principum,
325 509 396 562 5518.
407 511 492 563 Cause
503 517 563 563 tem-
585 513 680 580 privent
691 513 786 564 tantum
799 510 871 562 bonis
887 510 1065 578 spiritualibus,

83 591 181 658 pot-eles
193 591 347 653 clericerum,
356 592 426 644 5536.
435 594 471 643 66
482 608 562 644 causas
585 595 655 646 6363.
668 593 704 644 66
717 609 746 646 ex
757 591 844 659 seipsis
861 607 972 644 censure
984 591 1067 644 stetim

81 673 289 740 jurispatronatus
300 673 433 740 aliquando
446 674 477 726 ad
492 674 562 741 judi·
586 674 756 726 executionem
783 671 905 734 habeant,
931 673 1002 724 6361.
1032 673 1067 722 dn

82 770 136 806 cem
149 755 292 806 sucularum
305 753 475 820 pertinuerint,
490 755 560 806 5521.
586 770 706 818 censura,
729 755 779 806 sint
802 769 880 821 pcenm
892 754 1067 805 tantummodo

82 836 118 888 66
135 853 209 904 quem
227 836 335 904 judicem
354 843 465 904 spectent
481 853 562 890 causo
585 843 692 888 externa
704 843 728 888 et
740 835 798 904 quid
812 834 965 887 damnaverit
983 835 1067 901 quoad

82 920 237 972 educationis
248 919 399 986 juventutis,
412 916 560 971 esst-5529.
585 917 632 968 lroc
654 917 724 968 Bulla
745 918 881 972 strictorem
898 917 967 981 fidei,
993 917 1064 968 6365.

81 1002 118 1052 66
136 1005 160 1051 61
178 1007 299 1068 quatenus
318 1015 397 1052 causer
415 1000 561 1067 temporales
585 998 811 1065 duossinrspecies
824 1004 1024 1059 censurarum,et
1036 1011 1067 1047 en

82 1082 115 1133 66
127 1079 259 1133 Ecclesium
272 1087 398 1148 spectent,
412 1081 559 1132 5536-5531.
585 1080 684 1130 illarum
709 1079 834 1130 distinctio
852 1080 969 1131 scindetur
981 1079 1006 1130 16
1019 1094 1067 1128 66·

83 1165 118 1216 lte
141 1165 222 1215 causis
246 1163 292 1215 lori
317 1163 398 1226 sitisti,
419 1163 478 1230 qnid
502 1164 559 1225 sint,
584 1164 639 1214 turcl
652 1163 824 1224 rerumdtldd.
837 1159 1067 1222 Quidsintcensu-

81 1245 153 1297 5533.
163 1244 323 1306 6666666666
337 1244 367 1294 66
380 1243 561 1296 1666666636-
585 1245 645 1296 racd
658 1247 717 1310 jrcrc
732 1251 756 1296 61
774 1243 834 1311 quid
854 1259 965 1296 censure
977 1244 1006 1294 ob
1019 1243 1066 1294 lo·

81 1328 126 1380 616
144 1325 291 1393 pertineant,
308 1325 457 1378 5531-5538.
477 1327 561 1380 Causea
583 1315 1067 1390 61166,63630616616166666661616

82 1407 558 1471 criminalessuntdeioromixto,5536.
585 1415 609 1460 et
629 1425 740 1462 censure
759 1408 866 1472 fenendor
878 1408 1004 1460 6661661116
1021 1423 1066 1458 seu

80 1492 119 1542 66
131 1489 186 1556 quis
197 1491 273 1556 possit
283 1504 337 1540 esse
344 1489 420 1556 judex
428 1491 452 1540 in
464 1481 560 1558 proprii
584 1492 776 1544 comminando
788 1529 795 1552 ,
821 1489 970 1541 6368-6369.
995 1489 1066 1548 1166-

82 1572 167 1632 661166,
186 1570 255 1620 sset.
272 1571 360 1620 Norme
374 1571 523 1636 procedendi
535 1573 559 1623 16
585 1573 658 1626 modo
678 1573 856 1640 dignoscantur
875 1587 985 1624 censure
1010 1570 1066 1622 latas

82 1651 164 1704 causis
177 1650 408 1713 matrimonialibus,
422 1652 493 1702 6635.
584 1655 727 1716 sententie,
752 1654 821 1706 6330.
851 1652 982 1714 Quomodo
1005 1653 1065 1704 verb

113 1733 235 1786 crurum.
249 1760 280 1770 -
297 1731 359 1792 Quid
383 1731 416 1782 eit
437 1733 560 1786 absolutio
583 1749 693 1786 censuras
712 1734 819 1785 1666666
837 1731 980 1794 sententiae,
994 1733 1063 1785 6331.

82 1815 116 1868 cd
125 1815 246 1867 cautelam
264 1819 288 1866 61
303 1814 461 1881 quandonam
473 1815 559 1879 detur,
584 1815 647 1875 Quid
658 1815 706 1866 sint
718 1830 830 1866 censure
840 1815 913 1880 justes
923 1821 947 1866 61
956 1815 1065 1882 injuste,

82 1897 153 1949 6131.
584 1897 654 1948 6331.
668 1896 730 1956 Quid
743 1895 793 1947 sint
802 1911 911 1948 censuras
923 1897 955 1947 66
968 1903 1065 1964 tempus

113 1979 232 2032 Censura.
240 1979 316 2030 -66
329 1979 472 2046 peregrinus
484 1979 561 2047 possit
584 1978 772 2030 determinatum
783 1977 822 2030 661
830 1976 1065 2030 indeterminatum?

82 2059 177 2112 sbsolri
189 2059 202 2110 1
214 2059 325 2112 censuris
338 2059 475 2122 reservetis,
489 2061 558 2112 1613.
584 2065 609 2112 61
625 2076 656 2112 66
675 2073 786 2112 censure
807 2059 857 2110 sint
875 2059 973 2126 proprie
994 2060 1065 2111 dictas

81 2145 117 2194 66
130 2149 250 2209 presente
262 2140 396 2208 approbato
414 2157 457 2207 pro
470 2156 560 2193 censu·
583 2138 1061 2208 6666661661666666616661661661,

82 2227 116 2278 ris
128 2225 270 2289 reservatis,
284 2223 427 2292 simpliciter
436 2225 560 2292 approba·
582 2223 620 2275 vel
632 2227 764 2290 perpetue,
778 2223 878 2274 63336
889 2237 939 2289 quo
952 2237 1063 2274 censure

82 2313 123 2358 tus
135 2307 211 2372 possit
223 2305 253 2356 ab
266 2306 301 2356 eis
316 2305 444 2356 absolvere
461 2306 486 2356 16
498 2305 560 2356 arti·
583 2304 639 2355 ierri
659 2304 764 2366 6616661,
787 2303 936 2356 6331-6335.
960 2303 1062 2356 parochi

82 2387 138 2438 culo
152 2385 246 2448 mortis,
259 2385 328 2436 1611.
341 2385 378 2434 66
391 2384 494 2434 facultas
503 2384 558 2435 data
584 2385 778 2450 nequeuutlerre
788 2400 914 2446 censuras,
923 2385 993 2436 6336.
1005 2385 1064 2445 061-

81 2467 226 2519 cbsoluendi
254 2467 267 2516 1
299 2465 399 2516 casibus
430 2466 558 2516 reservatis
583 2463 1063 2530 666666616116166666666666666·

82 2547 186 2612 intelligi
199 2551 272 2614 queat
286 2546 317 2596 de
330 2544 440 2594 censuris
452 2559 560 2596 reserva·
583 2549 671 2595 testate
684 2544 804 2610 delegati,
822 2547 892 2596 6333.
904 2547 941 2596 66
954 2553 1063 2612 potestas

82 2629 203 2688 1161631.
218 2628 251 2679 116
268 2624 447 2691 irregularitate
459 2641 489 2677 ex
505 2625 559 2677 sio·
583 2625 676 2677 terendi
689 2641 805 2678 censuras
824 2625 902 2693 possit
918 2627 1062 2678 mulieribus

81 2711 173 2762 lotione
185 2723 295 2760 censuras
309 2706 379 2760 :ride
389 2724 412 2760 6.
423 2708 559 2760 16666616-
582 2707 702 2759 committi
715 2723 744 2758 er
763 2707 916 2774 plenitudiue
935 2711 1062 2777 potestatis

80 2801 158 2844 otras.
182 2789 236 2842 Non
256 2789 359 2843 incurrit
381 2805 497 2842 censuras
515 2790 558 2859 qui
582 2788 852 2857 6661111616,6318.116
867 2789 1061 2858 llpiscopusno·

80 2879 137 2926 ante
170 2872 279 2926 criminis
320 2875 558 2926 consummationem
581 2869 644 2924 torte
663 2871 899 2933 excommunicatus,
916 2887 1060 2941 suspensus.

81 2955 187 3007 16611661
208 2956 318 3022 pccnitet,
339 2955 407 3008 1819.
426 2957 463 3008 66
475 2955 557 3024 61661-
581 2952 710 3004 hereticus
728 2958 771 3004 aut
791 2953 964 3005 schismaticus
984 2956 1062 3021 possit

81 3037 223 3104 1666666611
238 3037 332 3089 absolsi
344 3037 358 3088 1
377 3038 485 3106 peccatis
503 3039 557 3090 6161
580 3035 660 3086 661166
674 3036 737 3087 terre
749 3051 865 3088 censuras
876 3036 897 3086 si
908 3051 957 3086 non
971 3037 1002 3086 sit
1014 3037 1061 3087 de·

80 3121 206 3188 praenrissd
222 3120 378 3172 absolutione
396 3121 410 3172 6
431 3122 555 3183 censuris,
580 3119 717 3181 nuntiatus,
727 3118 797 3180 6336,
810 3119 867 3169 5016
876 3119 942 3169 6616.
954 3119 989 3167 66
999 3117 1061 3168 exis·

79 3202 150 3252 3386.
164 3202 303 3268 Quotuplici
313 3217 387 3253 sensu
397 3219 441 3254 ror
453 3219 558 3256 censure
581 3207 634 3252 tens
646 3205 712 3252 extra
725 3199 847 3266 propriam
861 3198 986 3249 dioecesim
1000 3213 1060 3263 pos-

81 3284 214 3350 sccipiatur
232 3283 256 3332 in
270 3284 325 3347 jure
338 3283 514 3346 ecclesiastico,
533 3291 558 3336 61
580 3282 684 3332 sitlerre
696 3296 826 3342 censuras,
839 3280 909 3330 6336.
931 3282 967 3331 66
981 3279 1059 3331 661166

80 3365 206 3432 quomodo
223 3363 354 3414 deliniatur
369 3372 490 3430 quatenus
502 3381 557 3431 poe·
581 3363 761 3415 sitcensnraex
773 3361 914 3428 grarimetu
924 3360 1057 3422 16166380.

80 3461 136 3500 nam
158 3447 288 3513 significat,
308 3447 376 3497 6353.
396 3446 443 3500 Cur
464 3447 558 3498 dicatur
582 3448 645 3508 Quid
658 3447 688 3498 de
700 3445 803 3497 6666661
820 3443 989 3504 1611666616,
1003 3445 1059 3494 uin-

79 3527 556 3598 666666616166116,6360.11666616
582 3525 664 3586 61616,
688 3523 811 3584 amicitiai,
836 3529 878 3574 aut
906 3523 931 3574 in
961 3529 1057 3590 proprii

81 3611 237 3666 conditiones
266 3610 421 3680 requirantur
445 3615 474 3669 ut
504 3609 559 3676 quis
582 3607 666 3668 66666,
679 3605 750 3658 6361.
762 3605 788 3656 16
804 3619 867 3678 quos
879 3621 988 3662 censure
1001 3606 1057 3663 1661
