2452 3984
200 230 260 293 tlt
423 243 560 292 nanuum
579 243 679 291 rarius
699 243 781 290 rums
801 241 948 291 amorrei.

201 366 217 404 a
242 342 292 405 tali
302 360 375 405 casu
382 342 461 422 juste
470 341 600 422 exigitur
608 341 773 422 temporale
783 359 838 424 pro
847 339 1042 424 temporali...
1055 341 1157 406 lilino...¹

202 455 217 492 ι
242 429 392 514 quidquid
406 430 573 493 monachus
585 430 729 512 acquirit,
744 430 879 513 acquirat
892 431 1086 496 monasterio.
1100 453 1114 492 a

242 524 331 582 tilla.
348 519 402 582 liis
423 519 542 582 casibus
559 519 714 601 exceptis,
737 519 817 583 eirca
830 520 958 602 positam
975 521 1160 601 questionem

203 609 314 692 duplex
327 615 372 671 est
385 607 553 671 senentio:
573 607 677 672 Primo
692 605 821 671 affirmat
838 625 901 669 non
914 623 980 670 esse
993 609 1159 681 simoniam,

206 715 304 780 neque
316 715 353 760 ex
363 697 432 778 jure
446 695 573 759 naturali
586 714 686 778 nequa
697 717 733 760 ex
743 697 812 776 jure
823 696 964 777 positivo,
976 696 1090 778 aliquid
1104 696 1162 760 reci·

206 807 277 870 pere
292 805 346 869 pro
360 787 574 849 sustentatione
584 785 747 868 ingressuri
761 785 793 847 in
811 783 999 866 Religionem
1011 831 1019 858 ,
1037 787 1125 848 etiam
1138 785 1162 846 in

207 873 397 939 monasteriis
403 873 560 936 divitibus:
573 873 711 955 nonjnra
720 873 866 947 naturali,
875 873 1163 956 quianonastcontrt

205 963 397 1045 jusnaturale
406 981 494 1044 posse
501 961 595 1044 accipi
608 961 722 1044 aliquid
732 981 787 1044 pro
796 962 1023 1040 sustentatione,
1034 965 1106 1025 eum
1114 980 1164 1045 pos

207 1053 308 1117 tulans
318 1071 380 1114 non
394 1051 557 1129 habentius
571 1049 609 1112 ad
623 1051 703 1112 bona
717 1050 904 1126 monasterii3
917 1067 1016 1132 neque
1023 1050 1098 1133 jure
1107 1051 1166 1136 posi·

210 1143 268 1205 tino
278 1189 286 1221 ,
297 1143 368 1204 ebnr
376 1138 477 1201 nullus
488 1145 585 1200 textus
596 1139 915 1222 expressusprobibeat
922 1139 1036 1221 aliquid
1046 1142 1166 1224 recipere

209 1227 432 1294 sustentationis
441 1226 542 1303 titulo;
554 1226 601 1288 uel
611 1229 635 1289 si
644 1227 760 1306 existat,
770 1227 887 1291 videtur
900 1227 928 1290 ei
942 1228 1168 1311 derogalnmper

209 1317 390 1381 contrariam
404 1313 666 1378 consuetudinem.
689 1318 757 1379 Non
775 1323 887 1398 negant
906 1324 1008 1380 tamen
1027 1319 1167 1399 plurssar

211 1406 375 1470 fautoribus
384 1403 723 1487 hujussentantiaequbd
730 1405 788 1468 hoe
797 1405 902 1469 saltem
911 1425 971 1468 non
979 1407 1088 1488 poterit
1097 1427 1169 1472 ercu-

212 1497 271 1559 sari
285 1495 323 1558 ab
332 1495 461 1558 avariliae
471 1493 874 1557 labe-Seaundnsentantin
883 1495 932 1558 cui
941 1493 1170 1560 videniuradbe

212 1603 280 1648 rere
294 1585 325 1647 S.
340 1583 471 1646 Thomas
486 1580 529 1664 (2,
544 1587 575 1662 Ξ,
588 1601 619 1665 q.
635 1587 703 1662 100,
717 1589 773 1646 art.
786 1585 817 1662 3,
833 1583 871 1646 ad
886 1583 919 1668 4)
932 1591 963 1646 et
975 1586 1007 1647 S.
1023 1585 1088 1667 Lig.
1105 1587 1169 1668 (ib),

213 1675 285 1737 dicit
306 1690 371 1736 esse
393 1671 555 1734 simoniam
577 1671 609 1733 in
631 1671 755 1753 praeiato
768 1689 858 1747 casu,
874 1673 944 1754 quia
957 1675 1012 1736 etsi
1027 1677 1170 1756 postulans

213 1771 282 1827 ante
293 1761 496 1844 receptionem
511 1759 629 1823 nullum
640 1759 690 1840 jus
704 1759 812 1823 habeat
831 1759 869 1822 ad
892 1761 972 1824 bona
991 1765 1169 1838 monasterii,

214 1859 374 1936 postquam
397 1855 499 1912 umen
520 1857 656 1930 receptus
677 1856 741 1926 est,
758 1851 809 1930 jus
828 1849 919 1912 habet
936 1850 974 1912 ad
994 1851 1046 1913 illa
1060 1871 1114 1934 pro
1127 1856 1172 1914 sul

214 1941 447 2016 sustentatione;
462 1937 544 2001 unde
558 1938 583 1999 si
607 1936 719 2019 aliquid
737 1937 775 1999 ab
796 1956 834 2002 eo
855 1937 1025 2020 exigeretur
1048 1959 1103 2023 pro
1116 1959 1172 2004 sus-

214 2031 378 2094 tentatione
392 2027 471 2090 illius
485 2025 647 2108 temporis,
666 2027 695 2088 ei
709 2027 887 2090 venderetur
897 2028 948 2108 jus
960 2027 1044 2110 quod
1059 2049 1112 2112 per
1134 2049 1173 2092 re·

215 2121 387 2202 ceptionem
400 2122 445 2178 ast
453 2115 628 2197 adepturus,
642 2119 673 2176 et
685 2115 757 2177 cbm
771 2115 844 2179 illud
855 2117 921 2196 jus,
937 2116 992 2179 etsi
1006 2120 1172 2200 temporale,

215 2209 254 2271 sit
267 2221 421 2270 annexum
434 2209 655 2285 consequenter
668 2203 711 2266 rei
719 2204 880 2287 spirituali,
888 2221 999 2288 nempe
1006 2206 1174 2288 professioni

216 2296 378 2377 religiosa,
402 2309 464 2354 nou
477 2291 575 2372 nangis
594 2297 690 2373 potest
704 2293 793 2356 vendi
808 2296 900 2376 quarn
918 2295 969 2374 Jus
992 2295 1032 2358 ad
1054 2296 1175 2360 redditu

217 2383 376 2460 beneficii,
400 2381 447 2444 uel
465 2379 504 2444 ad
522 2379 655 2443 decimas
668 2382 891 2464 percipiendam
905 2389 934 2446 et
946 2384 1019 2447 cum
1033 2384 1066 2448 in
1079 2383 1134 2448 boc
1146 2384 1177 2448 ait

218 2473 346 2540 simonia
357 2471 433 2552 iuris
446 2469 555 2549 divini,
574 2467 683 2532 frustra
696 2469 874 2553 allegaretur
890 2474 1042 2536 contraria
1063 2491 1177 2538 consue

218 2564 312 2638 tudo,
328 2579 396 2644 quse
418 2560 560 2638 caeterum
582 2577 643 2621 non
657 2558 773 2622 videtur
786 2562 912 2624 existere
925 2562 982 2623 nisi
995 2579 1052 2644 pro
1066 2581 1177 2628 moras·

219 2653 302 2715 teriis
313 2649 500 2711 monialium.
509 2646 583 2708 Vide
596 2647 720 2728 insuper
730 2665 796 2729 cap.
810 2649 963 2728 Quoniam,
977 2648 1015 2713 de
1026 2652 1142 2728 simon.;
1153 2659 1177 2713 et

219 2744 339 2804 Extrav.
354 2738 399 2800 De
412 2737 528 2808 simon„
540 2735 592 2798 ubi
606 2735 781 2818 prohibetur
800 2739 857 2801 sub
877 2741 1179 2804 excommunicatione

221 2827 334 2910 aliquid
353 2827 490 2906 accipere
509 2823 549 2886 ob
567 2843 791 2906 quemcumque
810 2825 903 2890 linem
926 2847 981 2909 pro
1001 2828 1132 2912 ingressu
1150 2831 1177 2889 in

221 2918 427 3000 Religionem,
455 2913 512 2975 nisi
535 2914 604 2996 quis
625 2913 785 2977 liberaliter
807 2916 879 2979 dare
898 2917 1036 2980 voluerit.
1066 2919 1177 2980 Videtur

222 3015 323 3072 autcrn
342 3005 406 3068 haec
429 3001 702 3065 excommunicatio
723 3021 780 3066 usu
796 3005 906 3068 abolita
925 3007 1032 3070 saltem
1055 3027 1106 3092 pro
1118 3023 1178 3068 nro·

223 3097 360 3162 uastariis
374 3092 546 3156 mulierum.
562 3091 643 3154 —S.
660 3091 780 3174 Ligunr.
795 3094 859 3175 (ib.)
872 3113 882 3173 ;
897 3095 1050 3162 lleilienat.
1070 3095 1129 3180 (lib.
1142 3099 1175 3170 5,

223 3188 267 3250 lit.
278 3189 315 3264 3,
330 3185 375 3248 De
387 3179 528 3258 simonio,
543 3179 628 3262 aab).

264 3277 353 3336 6173.
367 3270 490 3346 Quaerit.
505 3269 537 3332 8⁰
554 3272 600 3331 An
614 3268 727 3350 aliquid
744 3271 838 3353 possit
857 3271 953 3354 accipi
966 3291 1023 3356 pro
1036 3275 1175 3357 dispensa-

225 3363 384 3428 tionibus?

264 3457 354 3533 ltesp.
373 3451 448 3514 Vide
467 3450 545 3512 dicta
563 3466 654 3531 supra
675 3451 784 3531 (1057,
810 3452 914 3533 1058).
941 3455 1174 3538 «bacinnum,

220 3547 242 3600 'a
267 3539 366 3618 inquit
378 3541 410 3600 S.
423 3539 544 3618 Lignor.
561 3535 630 3616 (ila,
645 3549 679 3598 n⁰
699 3542 759 3617 96),
774 3540 937 3604 solutiones
946 3543 978 3604 in
990 3543 1176 3627 dispensatio-

229 3643 245 3685 »
271 3623 359 3686 nibus
376 3625 407 3688 in
420 3624 639 3704 matrimoniis,
658 3631 715 3691 ete.
729 3671 737 3703 ,
752 3629 842 3693 etiam
860 3645 914 3711 par
933 3631 1058 3697 modum
1073 3637 1176 3697 susten·
