2452 3984
417 317 502 362 ursan
523 317 679 364 rannus.-
968 305 1023 368 189

58 417 164 497 Congr.
193 415 232 477 ab
254 414 311 477 nae
333 416 481 478 sententia
501 417 659 480 recessisse
686 419 785 501 quoad
813 423 1027 504 suspensiones

58 511 214 587 perpetuas
229 504 379 584 (Proelect.
396 503 434 568 S.
444 504 584 586 Sulpilii,
601 518 634 566 n⁰
648 511 717 584 655)
733 528 743 584 ;
759 517 787 570 et
804 511 945 572 Stremlm
959 511 1026 590 (lies

56 592 328 676 peinesceellsiast„
344 613 375 676 p.
392 597 462 670 329,
473 595 545 671 etc.)
557 594 631 656 duas
646 595 734 658 relert
742 597 919 676 decisiones,
933 619 1026 664 unam

59 685 88 744 s,
102 684 215 763 Congr.
226 681 326 763 Episc.
341 683 390 761 (l'l
404 700 475 764 aug.
489 683 581 764 1857)
593 690 622 745 et
634 685 758 748 alteram
769 689 799 748 S.
810 687 918 768 Gongr.
933 689 1024 752 Cone.

27 798 29 802 ·
60 789 122 852 quae
143 770 205 833 hoo
231 769 311 832 idem
333 770 461 852 probare
483 771 633 834 videntur.
662 774 747 852 lmb,
774 775 860 853 juxta
884 775 1025 840 eumdem

59 859 213 936 Stremler,
223 877 351 922 censura
362 875 398 920 ex
410 857 570 920 informati
580 861 766 924 conscientia
780 881 842 926 non
856 863 945 926 debet
957 865 1025 928 lcrri

59 948 131 1010 ultra
149 966 203 1010 sex
224 965 346 1010 menses
368 945 474 1026 (ibid,
490 967 521 1029 p.
537 949 630 1032 3303
654 951 723 1012 etsi
745 950 833 1014 luerit
845 952 886 1013 nd
899 952 1027 1034 benepla-

57 1043 143 1100 citum
157 1037 303 1118 Episcopi
316 1035 394 1109 tcta,
410 1043 506 1098 cessat
521 1038 688 1100 necessarie
698 1057 751 1120 per
761 1045 889 1102 mortem
899 1042 964 1119 ejus
975 1044 1025 1124 qui

57 1127 134 1189 illam
149 1126 234 1202 tulit,
250 1132 301 1187 aut
315 1141 367 1205 per
382 1125 475 1206 ipsius
488 1126 753 1190 renuntiationem.
766 1129 842 1191 Casu
852 1136 953 1192 autem
966 1151 1026 1212 quo

57 1215 147 1278 iertur
160 1233 219 1296 pro
231 1220 367 1295 tempore
381 1213 623 1292 indeterminato,
638 1235 755 1280 cessare
767 1217 857 1280 debet
869 1219 958 1281 etiam
973 1241 1026 1302 per

56 1311 183 1366 mortem
208 1303 367 1385 Episcopi,
388 1304 459 1384 quia
478 1305 508 1364 1⁰
525 1303 606 1365 solus
626 1303 791 1388 Episcopus
813 1308 865 1390 qrri
880 1327 946 1372 eam
961 1311 1026 1373 tulit

55 1399 155 1474 posset
177 1393 327 1454 rationem
349 1391 387 1454 de
410 1391 444 1453 eb
468 1389 595 1453 reddere
618 1394 649 1454 S.
674 1394 744 1456 Scdi
767 1395 797 1457 in
812 1413 883 1458 casu
898 1399 1026 1480 appella-

55 1483 162 1556 tionis;
183 1487 215 1545 et
234 1482 306 1563 quie
327 1485 358 1542 2⁰
377 1479 550 1560 hujusmodi
569 1499 696 1546 censura
718 1483 812 1547 fertur
829 1504 883 1566 per
901 1487 1025 1551 modum

54 1571 196 1654 praecepti
211 1570 408 1652 particularis.
426 1569 500 1631 Vide
518 1569 606 1632 etiam
624 1571 783 1654 Lequeux,
797 1579 890 1653 1296,
906 1576 937 1637 in
949 1578 1023 1659 filie,-

53 1669 83 1724 et
95 1662 174 1724 dicta
189 1677 281 1743 supra
297 1658 393 1742 (set).

91 1755 181 1816 6019.
196 1753 277 1810 -'l⁰
291 1750 325 1810 ln
337 1746 468 1810 lorendis
486 1749 665 1831 supradictis
678 1751 845 1832 sententiis,
860 1754 1025 1840 Episcopus

55 1845 150 1921 potest
162 1838 302 1902 omittere
315 1838 404 1899 etiam
421 1835 616 1902 formalitates
630 1839 785 1920 injudicio
800 1845 965 1908 summario
982 1866 1025 1908 rn-

55 1929 195 2009 quisitas,
210 1929 282 1990 clim
297 1945 358 1988 non
370 1931 507 1990 teneatur
519 1927 608 1990 etiarn
623 1947 745 1991 causam
756 1933 959 2012 suspensionis
974 1954 1025 1997 reo

55 2017 255 2080 manifestare.
273 2018 412 2078 Attamen
427 2013 483 2095 ipsi
499 2015 578 2093 licet,
594 2018 618 2078 si
632 2017 718 2094 velit,
737 2015 930 2082 formalitates
949 2024 1025 2086 ordi-

53 2107 127 2169 narii
152 2106 199 2170 vel
222 2105 379 2169 summarii
390 2103 495 2182 judicii
515 2123 552 2166 ex
566 2111 628 2167 toto
648 2105 694 2167 vel
708 2123 745 2166 ex
767 2113 850 2188 parte
864 2108 1021 2173 adbibere:

52 2202 80 2258 et
92 2197 152 2260 hoc
164 2193 276 2260 deduci
289 2194 366 2256 valet
378 2211 415 2256 ex
433 2193 532 2254 verbis
547 2193 669 2256 Concilii
689 2194 921 2276 quomodolibet,
938 2206 1023 2262 etfam

51 2283 347 2366 ectrujudicialiter,
364 2300 432 2364 quae
447 2288 623 2363 supponunt
644 2302 732 2365 posse
752 2283 886 2348 adhiberi
909 2289 1024 2370 aliquas

51 2375 94 2436 vel
108 2391 219 2438 omnes
228 2372 334 2452 judicii
348 2370 461 2433 formas
473 2391 479 2432 :
496 2372 548 2432 sed
563 2391 685 2436 necesse
698 2379 743 2436 cst
761 2381 835 2438 tunc
849 2383 881 2438 ut
900 2377 979 2441 dicat
992 2401 1023 2444 se

51 2481 139 2544 agere
154 2464 257 2543 vigore
270 2479 337 2542 cap.
355 2463 384 2538 l,
400 2477 473 2522 sess.
491 2465 544 2538 ll,
561 2462 674 2525 Concil.
690 2463 786 2540 Trid,
800 2467 871 2546 quia
890 2467 1023 2547 alioquin

50 2551 243 2634 appellationi
260 2549 345 2612 locus
362 2553 450 2612 esset.
469 2548 544 2611 Vide
560 2551 703 2613 Stremler
724 2549 794 2630 (Des
807 2554 908 2634 peines
925 2555 1020 2618 ecele's.

50 2660 78 2721 p.
93 2641 180 2723 325).
205 2639 290 2701 ldem
313 2637 456 2700 Stremler
480 2638 634 2721 (ib.,=310)
650 2639 787 2702 observat
804 2641 886 2722 qudd
901 2642 925 2704 si
941 2644 1023 2726 Epis-

51 2747 143 2812 copus
156 2727 389 2810 suspensionem
404 2735 543 2810 tonquom
556 2747 707 2791 corsorum
727 2729 858 2811 infligat,
876 2749 937 2794 non
952 2737 1022 2798 verb

51 2825 195 2901 tanquam
208 2837 318 2879 meram
332 2835 449 2898 penam
472 2815 580 2878 debeat
596 2817 754 2880 observare
769 2820 873 2881 saltem
894 2820 1022 2887 lormali·

51 2915 122 2970 tates
145 2925 204 2989 pro
226 2907 363 2969 censuris
384 2904 558 2984 infligendis
575 2907 750 2986 requisitas,
775 2909 940 2976 praesertim
955 2931 1020 2977 mo-

51 2997 189 3060 uitiones.

86 3083 176 3148 6020.
188 3085 274 3144 -8⁰
288 3083 422 3144 Potestas
448 3082 465 3142 a
487 3082 602 3145 Goncil.
621 3085 754 3149 Trident.
771 3087 855 3168 (sess.
870 3094 925 3169 ll,
944 3109 972 3155 c.
990 3095 1020 3175 l)

50 3172 205 3254 Episcopis
217 3187 373 3246 concessa,
388 3169 507 3231 extendi
522 3188 585 3233 non
598 3172 686 3236 debet
699 3177 777 3238 ultra
788 3177 897 3240 limites
910 3179 1021 3242 ibidem

48 3263 212 3343 assignatas
229 3278 236 3322 :
253 3256 336 3321 unde
359 3266 472 3320 erraret
487 3259 653 3342 Episcopus
675 3265 700 3326 si
723 3265 780 3327 sibi
794 3266 909 3328 licitum
924 3265 1020 3329 existi·

49 3357 251 3432 maret'posse
269 3348 555 3427 excommunicare,
575 3351 621 3413 vel
635 3355 885 3416 communitatem
899 3359 950 3416 aut
961 3363 1019 3417 ter-

48 3457 112 3500 ram
137 3436 297 3500 interdicto
319 3436 503 3518 percellere,
529 3435 576 3500 vel
595 3439 684 3502 aliam
698 3459 819 3522 poenam
835 3441 969 3524 inlligcre
984 3463 1020 3509 ex

51 3525 209 3590 informati
228 3525 415 3588 conscientilt
435 3533 543 3608 praeter
568 3529 759 3590 interdictum
782 3529 820 3590 ab
843 3548 968 3597 ascensu
982 3535 1018 3598 ad

50 3615 207 3680 ordineset
217 3615 446 3696 suspensionem
456 3615 798 3694 abordinibus,0fficiis,
809 3619 1017 3700 Dignitatibus,

52 3703 190 3780 gradibus
210 3709 241 3766 et
263 3702 428 3766 honoribus
446 3701 653 3766 ecelesiasticis
670 3723 678 3763 :
698 3705 809 3786 etenim
821 3713 890 3771 ante
904 3711 1018 3774 concil.
