2548 4002
300 277 349 330 net
805 277 854 334 EPl
872 287 876 295 “
1021 277 1066 328 ste

85 381 140 451 sapi
164 383 305 450 dispensare
323 391 428 453 possunt
448 380 473 436 in
484 383 564 447 rutis,
587 387 663 443 terra.
676 384 697 438 si
708 385 799 438 nonsit
815 385 984 446 denuntiatus,
996 383 1065 436 uste.

82 466 152 518 sets.
167 467 280 534 Exceptis
296 473 378 520 tameo
395 469 505 534 quinque
517 483 564 517 vo«
586 467 621 517 hn
635 465 770 533 Episcopus
783 471 850 518 entra
864 468 985 533 propriam
1003 467 1068 518 ‹tia-

83 549 115 600 tis
127 550 198 614 Papae
208 551 346 613 reservatis,
359 551 429 604 esst.
444 550 564 612 Quando·
588 545 663 600 cesim
672 547 779 601 existens
789 545 1066 614 possitlerrecensuras,

84 643 140 680 narn
155 629 268 698 Episcopi
281 633 375 698 possint
385 631 528 700 dispensare
539 629 564 682 in
587 627 658 680 6319.
679 629 716 680 ho
742 634 767 680 et
789 634 911 694 quatenus
934 628 1068 695 Episcopus

84 711 147 766 rotis
170 712 242 778 Papa
265 711 408 774 reservatis,
433 711 503 763 5245.
528 709 565 763 hu
589 711 679 778 ligetur
700 709 811 764 censuris
829 707 843 760 d
862 711 926 776 jura,
946 709 1017 762 eset.
1032 711 1067 762 ha

85 791 220 860 Episcopus
244 793 322 860 possit
345 793 498 860 dispensare
509 809 565 845 cum
589 791 703 860 Episcopi
722 789 818 858 possint
835 791 899 842 lerre
910 806 1028 846 censuras
1044 791 1069 842 ln

85 874 219 944 peregrinis
236 875 261 926 in
280 874 344 926 rotis
362 880 387 926 et
402 871 564 944 juramentis,
589 875 669 942 Reges
687 881 712 926 et
731 873 852 942 Reginus,
870 873 940 924 6385.
959 875 996 924 hu
1016 873 1069 924 illas

84 959 154 1009 6651.
167 959 203 1009 hu
213 957 350 1024 habentius
360 955 484 1008 diuidendi
498 953 566 1007 ‹altia-¹
589 956 751 1024 possintlerre
763 955 786 1005 in
796 951 924 1022 religiosos
934 961 1069 1020 ereurptna.

85 1040 165 1091 tiones
177 1040 241 1091 inter
253 1039 402 1100 sacerdotes,
415 1033 564 1090 5357-5358.
589 1035 658 1088 6386.
679 1037 716 1088 hu
736 1035 761 1086 in
781 1033 934 1102 peregrinos,
951 1033 1021 1086 6381.
1034 1036 1068 1084 dn

85 1124 121 1172 hn
139 1121 229 1172 habeat
246 1135 287 1193 pus
307 1119 401 1186 aliquid
419 1117 533 1186 exigendi
552 1118 566 1170 d
589 1117 725 1186 Episcopus
738 1117 815 1185 possit
823 1116 964 1182 dispensare
977 1113 1002 1164 in
1013 1115 1071 1166 irre-

87 1199 564 1270 preshptarisprovariisnecessitatibus,
589 1202 763 1272 gulositatibns
775 1209 799 1255 at
810 1200 1014 1268 suspensionibus
1031 1215 1072 1254 oo-

85 1283 233 1337 messem.
252 1283 365 1354 Quinque
384 1281 506 1350 prioribus
519 1299 568 1333 επ·
590 1285 662 1340 cultis
675 1301 731 1338 oum
744 1291 790 1338 suo'
810 1284 910 1338 subdito
926 1291 994 1336 entra
1006 1285 1071 1336 dica-

86 1365 149 1416 enlis
166 1364 280 1432 Episcopi
291 1363 412 1432 judicium
432 1377 482 1414 non
496 1377 567 1414 erer-
591 1367 665 1420 cesirn
678 1373 800 1426 versante,
813 1365 872 1418 6151
885 1383 891 1415 :
905 1365 959 1418 lide
969 1364 1071 1416 verbum

86 1447 175 1496 cebant
195 1445 242 1496 nist
265 1447 290 1496 tn
314 1445 442 1511 presentia
466 1459 567 1494 snorum
590 1445 1072 1513 lnnsouuanrras.lnpossitdispensare

86 1526 252 1588 clericorum,
282 1527 352 1578 5753.
388 1527 440 1586 Qun
475 1523 1072 1591 epochdcumillogitimoocculto,1881.hn

87 1607 200 1674 Episcopi
214 1605 260 1658 sihi
274 1607 430 1674 adjunxerint
445 1605 569 1656 Officiules
592 1607 669 1672 possit
682 1607 824 1673 dispensare
836 1606 861 1656 in
874 1611 946 1656 etate
957 1603 1072 1670 requisiti

87 1688 119 1738 ad
146 1685 238 1752 judicia
271 1685 376 1734 forensia
406 1685 568 1746 exercenda,
593 1689 624 1738 ad
652 1687 750 1738 ordines
783 1685 970 1752 suscipiendos,
1002 1683 1072 1736 1892.
1102 1695 1104 1702 ’

88 1769 158 1818 stet.
179 1767 364 1816 Potesttamen
389 1763 524 1830 Episcopus
550 1765 570 1816 si
594 1766 1072 1836 QuaspoenasincurrantEpiscopiordi·

86 1847 167 1906 velit,
195 1859 241 1914 pet*
267 1845 426 1911 semetipsum
458 1857 571 1895 exercere
594 1849 1072 1916 nantesantelogitimametatam,l889.

89 1933 234 1997 potestatem
259 1927 407 1996 podiorum,
435 1925 505 1977 6155.
534 1925 571 1976 dn
594 1934 628 1982 hn
637 1931 714 1998 possit
725 1932 859 1998 Episcopus
870 1931 1074 1998 dispensarccum

88 2011 203 2078 Episcopi
228 2010 277 2062 sint
302 2009 481 2075 inquisitores,
499 2005 569 2057 6025.
594 2011 738 2074 alienigenis
761 2027 835 2076 super
852 2010 1029 2076 irregularitate
1052 2017 1076 2060 et

89 2099 126 2146 hn
147 2099 232 2144 contra
248 2091 377 2142 hereticos
397 2091 531 2157 procedant
549 2087 572 2140 ui
594 2093 765 2160 suspensione,
774 2093 888 2146 stenen
898 2090 1076 2160 possitdeleqa·

90 2175 219 2244 potestatis
232 2171 372 2232 ordinaries,
387 2171 458 2222 6026.
469 2171 505 2220 dn
518 2185 574 2236 pro·
596 2193 621 2226 re
636 2175 777 2228 facultatem
790 2173 934 2226 absolvendi
946 2173 1076 2240 impeditos

90 2258 180 2310 cedere
204 2255 299 2321 possint
322 2259 407 2304 contra
437 2257 573 2317 exemptos,
597 2257 700 2310 Romam
720 2257 765 2320 ire,
779 2256 850 2308 6160.
870 2254 1076 2308 Ercoramuniaa·

90 2329 573 2390 (imi-Procedendoconirahaereiicos
597 2339 677 2392 tiones
712 2337 767 2390 lat·
802 2344 887 2392 contra
924 2337 1076 2404 Episcopus,

91 2420 184 2472 dehent
197 2431 294 2469 servare
310 2416 410 2466 modom
423 2413 574 2480 procedendi
598 2422 667 2472 6566.
680 2421 716 2471 An
729 2425 753 2471 et
769 2426 892 2488 quatenus
904 2417 1077 2486 suspensiones

91 2495 575 2569 quemobseruarelicetlnqnisitoribus
598 2501 611 2553 i
633 2503 689 2568 jura
711 2501 767 2552 latae
792 2501 927 2568 Episcopus
948 2500 1077 2565 attingant,

92 2581 221 2647 delegatis,
234 2580 304 2631 6669.
325 2579 351 2628 ln
364 2578 438 2627 cansd
451 2575 575 2627 hereseos
598 2581 671 2634 6566.
684 2581 720 2632 ln
733 2579 875 2648 irregularis
890 2581 933 2632 liat
944 2581 1079 2646 Episcopus

92 2663 229 2731 Episcopus
247 2667 331 2727 posset
348 2659 483 2727 procedere
501 2657 575 2710 etiem
600 2679 649 2716 non
678 2663 812 2714 observans
843 2661 1032 2731 suspensionem
1064 2663 1076 2714 i

92 2754 179 2801 contra
200 2746 347 2813 Episcopum
366 2743 391 2794 in
413 2743 457 2793 sud
475 2741 576 2793 dioecesi
601 2746 795 2807 pontificalibus,
812 2747 883 2800 6566.
897 2745 1079 2814 Suspensiones

95 2833 301 2888 commorantem,
311 2825 383 2877 6631.
393 2823 578 2876 unavertnon-
600 2827 613 2878 6
620 2827 675 2894 jure
688 2828 743 2878 late
755 2833 841 2880 contra
852 2827 995 2895 Episcopus,
1009 2827 1079 2880 6666,

94 2919 131 2968 tra
155 2911 283 2976 delegatos
306 2908 333 2959 S.
349 2905 435 2968 Sedis,
455 2905 526 2958 ooet.
551 2905 577 2956 ln
600 2905 1081 2974 dnEpiscopicomprehendanturinin-

93 2994 242 3061 quihusnum
256 2990 355 3043 casibus
369 2987 482 3054 Episcopi
499 2985 577 3037 absol·
602 2987 1037 3056 terdictogeneralipersonali,[ltili.
1048 2989 1082 3040 lle

94 3089 153 3126 vere
163 3073 261 3124 ualeant
272 3073 303 3123 ab
321 3067 579 3122 excommunicatione
602 3071 728 3138 Episcopis
735 3070 875 3122 titularibus
883 3085 926 3121 seu
940 3069 1080 3135 inpartibus

96 3157 223 3209 contracti
237 3157 269 3207 ob
282 3157 429 3206 clericorum
442 3153 579 3219 percussio·
602 3152 748 3212 infidelium,
758 3151 827 3202 1083.
838 3151 872 3202 lle
882 3150 1001 3218 Episcopo
1012 3165 1081 3216 regu·

97 3251 163 3300 narn,
187 3235 255 3286 oute.
275 3237 312 3284 hn
333 3235 470 3300 Episcopus
492 3234 578 3284 debeat
603 3231 735 3291 tultoso.
750 3229 1081 3298 lleEpiscoporumCoadju·

96 3321 201 3388 ipsemet
231 3314 318 3382 punire
349 3315 509 3366 maledictum
533 3313 580 3365 sibi
604 3314 708 3378 toribus,
728 3314 799 3365 1663.
818 3315 856 3364 hn
880 3313 1015 3378 Episcopus
1037 3327 1081 3363 suo

95 3405 203 3462 illatum,
216 3398 286 3450 6285.
300 3399 335 3446 hn
349 3401 373 3447 et
385 3403 508 3462 quatenus
522 3411 581 3463 pos·
602 3397 697 3452 linario
721 3396 833 3450 Generali
863 3396 940 3462 possit
971 3395 1085 3460 delegare

96 3488 131 3538 sit
154 3484 303 3548 reintegrare
322 3475 427 3529 clericos
445 3477 580 3545 depositos,
604 3497 659 3550 qus
670 3481 717 3532 sibi
729 3487 787 3532 sunt
798 3478 937 3546 specialiter
953 3478 1084 3534 commissa

98 3567 170 3622 nott.
184 3568 218 3616 lln
231 3562 365 3630 Episcopus
376 3561 472 3613 notorie
485 3575 581 3611 excom·
605 3564 618 3614 i
632 3563 696 3614 Sede
714 3562 862 3630 Apostolicd,
876 3561 995 3618 1166.Αη
1013 3560 1086 3627 Epis·

98 3647 255 3706 munidditts,
274 3659 422 3713 suspensus,
442 3641 582 3701 ilaereiisstts,
606 3667 683 3718 copus
700 3649 777 3720 posqqp
795 3650 849 3706 pini
870 3650 942 3702 causi
960 3663 1086 3701 mmm-01⁸0

100 3729 274 3794 schismaticus
286 3729 365 3804 possit
376 3725 711 3805 censurasvatideqieqriqa
736 3731 910 3802 parochorum,
934 3728 1004 3788 1316.
1027 3728 1086 3806 Quis
