2504 3990
241 161 286 212 166
454 159 512 216 6611
958 170 1020 230 mn

239 263 313 314 cburn
326 262 399 328 qudrn
420 263 450 316 ad
470 267 597 334 regulares
616 268 721 337 pertinet
743 273 840 340 possint
858 293 913 330 esse
931 281 1081 337 Cancellarii
1103 286 1127 339 iu
1147 301 1215 347 causis

219 358 371 409 campanas
388 345 494 411 pulsare,
512 349 581 401 1165.
600 351 637 402 66
649 367 720 403 caur-
743 353 924 420 spiritualibus,
943 362 1015 414 5186.
1035 367 1077 417 An
1089 375 1215 428 sacerdotes

239 437 308 490 panse
321 425 418 477 valeant
429 427 543 481 benedici
563 431 593 482 ab
606 431 720 500 Episcopi
743 436 840 500 possint
870 455 925 492 esse
952 442 1125 516 cancellarii,
1151 455 1214 507 6111-

239 505 361 572 delegato¹
371 509 518 562 6111-1186.
530 515 566 562 66
575 512 625 564 sint
636 528 721 566 noces·
743 515 816 568 5118.

238 586 303 638 sarid
315 588 498 654 benedicende,
514 594 584 646 1188.
596 594 645 648 666
654 611 718 647 cam·
774 596 896 652 mucan.
908 631 940 642 —
951 606 988 656 66
1001 605 1028 658 16
1041 611 1122 665 mirsi
1133 623 1171 666 661
1180 617 1210 668 be

239 667 309 734 panis
329 685 419 722 nomen
439 671 580 739 imponatur
598 682 623 726 et
642 690 673 726 66
694 675 719 726 16
744 677 1208 747 6666666688.666666611661166

239 761 324 800 earum
342 747 556 806 benedictionibus
574 755 683 821 patrinus
696 763 720 807 et
744 757 981 826 6666616666666,
997 767 1036 819 rel
1050 773 1163 826 candelis
1173 777 1211 828 66-

239 829 343 882 matrina
356 831 405 882 sint
416 833 559 896 adhibendi,
573 835 643 886 1166.
663 836 719 898 661-
745 835 775 888 lis
803 841 951 909 6166616666,
979 847 1138 905 8669-3611.
1166 859 1214 917 Quot

239 925 296 960 narn
324 912 373 963 sint
405 913 507 966 effectus
540 914 719 968 benedictionis
744 933 798 971 esse
810 922 916 975 debeant
927 929 1040 982 66666166
1057 932 1085 984 16
1103 935 1216 988 66161661

239 1007 431 1060 campanarum,
451 995 522 1048 tttl.
541 999 578 1047 66
595 1013 720 1065 campane
743 999 768 1050 in
780 1001 962 1071 benedictione,
980 1010 1056 1074 6666,
1073 1015 1147 1080 suls,
1160 1019 1215 1070 6616.

239 1074 289 1124 6161
307 1075 434 1141 pulsandos
445 1077 476 1128 ad
488 1067 644 1145 repellendas
656 1085 721 1130 tenr-
774 1082 960 1138 666666116666.
972 1091 1160 1159 -Septimum
1170 1115 1217 1150 666-

238 1157 719 1226 66616166,1166.6611666111166661-
744 1159 871 1215 delubrum
904 1168 963 1232 poni
998 1171 1080 1225 debet
1107 1177 1135 1228 16
1162 1180 1217 1231 altari

239 1249 295 1286 6666
321 1235 353 1286 ob
379 1237 452 1288 linem
481 1239 621 1304 profanum,
648 1240 718 1292 1188.
743 1243 842 1308 quando
855 1245 991 1316 Episcopus
1007 1253 1161 1311 solemniter
1171 1261 1218 1310 66·-

240 1313 350 1374 Qualiter
362 1315 478 1382 rlencgari
491 1318 580 1371 666661
591 1336 652 1372 usus
663 1337 720 1387 pro·
743 1335 795 1372 sunu
814 1324 937 1389 celebrat;
951 1329 1000 1383 boc
1013 1337 1102 1387 tamen
1116 1340 1169 1391 lieri
1182 1359 1219 1392 666

239 1394 311 1446 16666
329 1411 518 1463 campanarum,
537 1405 562 1451 ct
581 1399 720 1469 6616666-
744 1402 818 1455 debet
840 1403 867 1456 iu
885 1408 964 1462 ldisais
985 1412 1170 1471 661666166666
1187 1437 1219 1472 nea

240 1475 520 1544 scribaturllegecirilr
533 1479 643 1534 16661116
656 1485 719 1534 circa
743 1485 862 1554 vesperis,
875 1489 945 1543 1611.
959 1494 994 1544 66
1011 1501 1132 1565 tempore
1155 1505 1221 1554 missu

241 1571 414 1624 campanrrum
427 1574 509 1622 usum,
522 1561 593 1614 stol.
607 1563 682 1615 Decet
693 1570 721 1614 ul
744 1567 783 1618 rel
805 1569 945 1624 officiorum
965 1577 1124 1632 candelabra
1138 1585 1221 1650 possin

240 1654 357 1704 campana
380 1639 492 1707 pulsetur
508 1648 566 1694 ante
588 1643 720 1696 instantem
743 1649 836 1718 drappo
849 1653 893 1712 rel
904 1655 959 1707 relo
973 1658 1033 1724 tegi,
1047 1661 1128 1714 6665.

240 1720 327 1788 egroti
339 1727 443 1774 mortem
460 1729 485 1774 et
499 1723 581 1776 atatinr
594 1731 651 1792 post
664 1725 720 1778 ani·
774 1732 886 1786 11666666
902 1737 1166 1797 mercionum-An
1178 1747 1222 1798 tue-

241 1821 286 1857 666
298 1819 433 1870 egressum,
447 1811 472 1858 et
483 1821 536 1868 cur,
547 1806 617 1858 1686.
743 1811 793 1863 6161
810 1814 841 1866 ab
867 1817 928 1884 ipsis
951 1821 1058 1882 conditi,
1082 1825 1130 1880 61.
1151 1829 1179 1879 16
1196 1829 1223 1879 eis

271 1887 493 1940 clariora-ln
506 1903 596 1939 succus
608 1887 647 1939 rel
659 1887 721 1940 odor
743 1901 802 1946 sunt
813 1913 917 1961 errores,
932 1901 972 1952 61.
986 1903 1123 1963 66616161
1141 1911 1224 1962 111166-

240 1969 379 2035 66666666
390 1969 469 2020 solrat
475 1969 597 2036 jejunium
610 1969 641 2018 66
654 1984 720 2021 com·
743 1988 895 2032 6666661611
909 1998 995 2036 omnes
1007 1986 1158 2044 nahmen„
1168 1997 1224 2046 '2121

241 2050 383 2102 munionem
396 2049 551 2116 requisitum,
565 2050 635 2102 3156.
743 2062 886 2126 authentici,
898 2066 939 2117 61,

272 2133 541 2185 (libellulum-An
561 2137 720 2198 etqualenut
773 2143 885 2196 06660666
911 2157 1111 2206 mmmmm
1124 2193 1133 2218 ‚
1161 2157 1223 2208 3551,

241 2212 332 2277 regulo
349 2211 505 2264 cancellariae
524 2210 642 2263 Romans
654 2211 721 2263 obli·
742 2221 848 2274 (laconis
860 2223 1017 2293 privilegium
1028 2229 1044 2280 6
1057 2247 1113 2298 quo
1129 2234 1222 2298 iussim.

241 2297 309 2359 gent,
331 2290 458 2352 106106·
479 2289 543 2351 Quid
564 2290 719 2342 161τὶ611111]
742 2306 813 2362 turn,
843 2304 913 2357 1685.
941 2307 1075 2367 Quomodo
1103 2315 1221 2380 6666666.

241 2373 406 2434 (lancellam,
420 2387 531 2438 6666666
544 2371 622 2437 ipsius
634 2372 716 2441 orium
742 2380 815 2446 1686,
827 2389 878 2438 sta.

241 2455 272 2506 66
284 2453 343 2521 quid
356 2451 387 2504 sit
399 2452 539 2505 institutum
556 2457 581 2504 61
592 2454 719 2521 quomodo
772 2463 888 2515 11666616,
900 2493 933 2504 -
944 2466 1007 2528 Quid
1023 2469 1074 2532 sii,
1098 2473 1177 2527 2219,
1194 2477 1221 2525 16

245 2537 415 2602 compositum,
428 2536 481 2588 186.
742 2541 873 2608 prebende
885 2545 963 2610 possit
974 2558 1030 2599 esse
1042 2548 1103 2602 sind
1116 2552 1222 2606 666666.

273 2616 626 2684 666666666666166666116,
647 2617 717 2668 1651.
742 2620 812 2671 6656.

241 2699 278 2750 66
297 2697 431 2764 Episcopus
446 2697 525 2765 possit
542 2699 673 2765 disponere
687 2697 719 2750 66
770 2699 891 2751 66666666
907 2712 1018 2766 ouante,
1029 2703 1107 2758 1616.

243 2778 401 2845 proventibus
409 2795 460 2831 aum
469 2779 635 2840 6666666616,
648 2778 717 2843 1651,
773 2777 944 2833 canonicatus.
956 2811 988 2822 -
996 2783 1035 2834 66
1047 2783 1222 2854 6661161666

243 2859 313 2920 1668,
327 2860 396 2912 1686.
409 2861 557 2913 11661666.
742 2858 816 2911 simul
834 2859 864 2912 66
882 2861 1029 2928 Episcopum
1049 2873 1152 2932 spectet
1167 2882 1221 2918 666-

274 2941 455 2992 eremmanos
471 2944 719 2996 seimonaus-Non
743 2939 808 2992 terre
820 2941 983 2994 canonicatus
995 2943 1020 2994 16
1036 2941 1221 3000 cathedralibus

244 3019 379 3076 66616661
398 3019 540 3086 prohibetur
555 3021 647 3090 aliquid
666 3024 721 3076 exi·
744 3024 769 3070 61
781 3018 936 3085 Gollepistis,
947 3019 989 3088 jus
1010 3037 1105 3090 nempe
1121 3022 1220 3092 eligendi

244 3119 303 3172 gere
318 3117 363 3170 pro
379 3099 430 3153 suis
447 3101 552 3166 actibus,
570 3104 639 3156 1661.
657 3105 721 3166 Quid
744 3097 775 3148 dd
797 3095 936 3164 (3611ῑῦ11611
957 3099 1088 3166 perfluet,
1108 3104 1152 3172 ius
1171 3103 1219 3152 1116

244 3183 291 3252 ipsi
309 3182 382 3235 licent
398 3181 497 3248 exigere
512 3184 579 3251 juxta
592 3185 721 3236 llecretunr
744 3178 888 3231 instituendi
899 3181 930 3231 ld
943 3181 1112 3250 6666061161.
1124 3186 1177 3237 ῧῖ·
1186 3185 1219 3230 ⁸⁸

245 3265 329 3318 16666.
342 3264 460 3329 1111655.
474 3264 584 3326 66161111
597 3267 722 3334 prohibes·
745 3266 770 3312 et
785 3267 907 3327 quatenus
931 3261 1118 3330 diloricatus,
1135 3267 1160 3318 in
1176 3265 1218 3316 [³-

245 3346 374 3408 1661656.
746 3343 1219 3402 66666116666666661666666661666-

277 3427 510 3479 6666666666.-
525 3427 596 3480 Unde
612 3429 659 3480 boc
675 3445 723 3481 no·
746 3425 846 3480 dinibus
874 3433 983 3490 666661,
1011 3429 1083 3483 6181.
1109 3433 1216 3493 fluum:

248 3523 313 3569 men,
325 3507 397 3558 5116.
408 3506 471 3567 0616
481 3505 512 3558 sit
523 3512 547 3558 et
558 3507 583 3558 in
594 3523 643 3574 quo
656 3508 724 3560 dille·
746 3509 796 3560 sint
812 3509 986 3578 distinguenda
1005 3513 1031 3563 iu
1057 3515 1217 3570 6666616616.

249 3587 312 3640 rati
331 3586 436 3649 6616616,
453 3587 650 3638 6111611666
668 3585 813 3641 1616166111.
834 3591 961 3651 66616666
983 3592 1038 3645 deri
1059 3595 1216 3659 666661666-
