2548 3988
223 171 280 233 333
443 184 581 231 seruare
600 183 703 234 roaros
723 183 805 235 mars
825 184 975 232 cauourcr.

223 286 351 349 censura
362 332 371 364 ‚
382 284 495 368 obliget
507 284 565 348 sub
578 285 682 366 gravi?
696 283 825 358 Quaestio
837 283 1001 345 instituitur
1013 283 1139 346 mullum
1150 303 1211 366 pro

223 395 295 438 casu
309 394 370 457 quo
384 393 432 437 res
445 380 594 457 precepta
607 393 667 436 non
681 380 727 435 est
739 373 777 435 de
795 391 847 450 se,
862 391 920 434 nec
933 373 1014 434 certe
1029 374 1134 454 gravis
1150 393 1209 435 nec

223 465 305 527 certe
329 463 416 542 levis,
438 461 492 526 sed
505 463 572 525 talis
586 469 630 524 est
643 469 677 525 ut
697 462 827 546 multum
850 460 1021 524 conducere
1043 461 1146 524 valeat
1171 464 1207 524 ad

224 553 318 616 finem
341 554 507 629 intentum,
530 553 583 634 qui
602 551 699 632 gravis
712 555 769 614 est.
785 585 823 597 -
839 549 1051 632 Respondetur
1067 549 1206 614 affirma-

224 646 300 720 tive,
316 644 341 706 si
355 661 484 708 censura
498 640 596 725 mavis
609 641 648 703 sit
663 639 730 703 latae
750 639 924 716 sententiae3
940 639 965 701 si
985 639 1059 702 vero
1071 658 1207 704 censura

225 735 263 796 sit
282 733 414 798 ferendae
432 733 603 811 sententiae,
625 736 656 794 et
675 729 799 793 materia
813 728 955 812 praecepti
976 727 1064 792 dese
1087 732 1207 792 nonsit

225 824 341 908 gravis,
355 828 446 902 tunc,
461 821 485 885 si
498 819 535 884 ad
549 819 764 884 incurrendam
778 835 939 882 censuram
950 817 1127 900 requiratur
1142 837 1207 881 mo

225 914 316 984 nitio,
333 919 368 976 ut
380 913 496 976 dicetur
509 910 603 988 infra,
619 915 804 992 preceptum
816 925 880 970 non
891 907 1005 992 obligat
1023 907 1081 970 sub
1097 911 1205 990 gravi,

226 1003 284 1065 nisi
299 1009 366 1085 post
379 1001 593 1077 monitionem3
609 999 661 1062 sed
671 999 819 1081 obligaret
831 997 923 1060 etiam
937 997 994 1060 sub
1005 997 1110 1079 gravi,
1127 999 1152 1060 si
1170 999 1207 1061 ad

226 1092 441 1155 incurrendam
457 1109 616 1154 censuram
630 1089 757 1152 monitio
770 1105 833 1151 non
847 1093 925 1150 esset
935 1087 1096 1168 requisita,
1113 1096 1207 1170 prout

228 1179 334 1242 accidit
345 1179 467 1262 quando
477 1180 561 1242 adest
570 1179 702 1242 clausule
714 1197 721 1240 :
733 1177 810 1260 qudd
816 1175 879 1240 aiod
887 1175 950 1239 otta
960 1175 1121 1240 monitione
1132 1179 1207 1240 tolia

226 1287 346 1330 censura
354 1269 449 1352 poscit
462 1269 480 1330 ἀ
495 1267 626 1334 Praelata
640 1267 799 1350 applicari.
883 1297 888 1304 ·

265 1361 355 1422 6101.
379 1358 493 1420 Dicitur
504 1362 536 1421 3ο
547 1365 696 1441 peccatam
710 1365 864 1420 arternum
878 1375 891 1420 .·
904 1356 975 1439 quia
990 1356 1127 1422 Ecclesia
1139 1379 1205 1422 non

224 1447 339 1528 judicat
351 1447 389 1510 de
403 1447 528 1510 internis
539 1449 619 1529 (cap.
629 1450 668 1510 30
681 1446 872 1523 Coasaluisti,
888 1463 979 1509 causa
989 1451 1019 1525 3,
1035 1465 1066 1528 q.
1083 1450 1101 1509 6
1110 1468 1119 1525 ;
1132 1467 1202 1530 cap.

231 1537 293 1599 Tuo
304 1557 354 1599 nos
367 1541 417 1614 31,
432 1536 467 1599 de
479 1536 634 1616 sa'monid);
648 1535 711 1599 imd
723 1541 884 1618 peccatum
893 1533 983 1598 debet
993 1554 1058 1598 esse
1072 1539 1204 1600 mortale

227 1626 327 1706 quoad
340 1625 538 1689 substantiam
550 1627 650 1708 operis
663 1626 778 1688 externi
797 1645 805 1686 :
823 1625 895 1687 hinc
909 1625 1082 1707 percutiens
1096 1625 1203 1690 leviter

226 1713 1202 1792 clericumexcommunicationemnoniucurrit‚etsiintenliouem

227 1805 385 1869 mortalem
403 1804 569 1882 habuisset;
590 1805 662 1868 item
674 1804 700 1868 ai
719 1805 787 1886 quis
801 1809 969 1886 percuteret
978 1821 1134 1882 mensam,
1149 1816 1204 1872 aut

152 1919 155 1924 ·
226 1895 338 1958 diceret
354 1915 361 1958 :
377 1895 489 1972 Deest,
505 1894 665 1958 intendens
679 1893 817 1957 haeresim
835 1893 986 1956 internam
999 1891 1200 1976 confirmare,

227 2001 290 2047 non
304 1985 470 2048 incurreret
479 2001 651 2061 censuram,
666 1983 738 2064 quia
750 1981 817 2044 talis
830 1989 915 2046 actus
929 1987 982 2045 aut
994 1981 1122 2045 verbum
1137 2004 1200 2048 non

226 2073 322 2136 estde
336 2093 367 2137 se
390 2080 494 2154 aptum
509 2073 547 2135 ad
568 2071 709 2134 haeresim
731 2069 982 2152 significandam,
1002 2075 1061 2133 etc.
1084 2072 1201 2156 Excipe

226 2169 328 2223 tamen
338 2179 426 2224 casus
436 2163 467 2222 in
482 2160 592 2242 quibus
603 2165 686 2222 actus
700 2159 823 2221 interior
837 2165 1004 2242 prereptus
1013 2165 1064 2222 aut
1077 2164 1199 2240 vetitus,

227 2250 484 2313 necessariorum
507 2248 654 2312 exteriore
677 2249 896 2330 conjungitur:
921 2254 1011 2330 prout
1031 2249 1055 2312 si
1068 2268 1200 2317 censura

227 2337 402 2402 fulminatur
422 2343 526 2401 contra
544 2339 672 2401 scienter
692 2336 963 2418 transgredientes,
984 2337 1030 2400 rel
1053 2339 1078 2400 si
1092 2347 1200 2422 agatur

226 2427 264 2492 de
281 2429 409 2492 simonitl
424 2447 491 2510 quae
509 2427 636 2510 impellit
649 2427 687 2490 ad
701 2427 890 2509 largitionem
908 2427 1046 2508 pecuniae
1060 2427 1098 2490 ad
1113 2448 1198 2494 com·

227 2517 358 2599 paranda
372 2518 537 2600 spiritualia
551 2518 598 2600 (S.
618 2515 754 2599 Lignor,
769 2517 821 2579 lib.
837 2521 867 2591 7,
885 2525 918 2578 n⁰
933 2520 993 2596 31).
1009 2551 1050 2564 -
1061 2517 1111 2580 Sic
1122 2538 1198 2601 pro-

226 2606 354 2670 babilius
372 2607 483 2670 dicitur
503 2625 649 2670 censuras
666 2613 773 2669 contra
795 2606 965 2668 omittentes
985 2623 1127 2686 sacrum,
1151 2612 1197 2674 rel

226 2696 430 2758 recitationem
449 2695 592 2758 horarum
613 2693 827 2757 canonicarum
848 2693 942 2772 latas,
965 2694 1077 2758 incurri
1101 2697 1139 2760 ab
1160 2700 1197 2763 iis

226 2783 277 2864 qui
290 2785 417 2845 omnind
430 2783 571 2854 distracta
581 2782 762 2846 recitantvel
772 2783 910 2846 audiunt.
924 2783 1000 2847 Vide
1012 2786 1044 2846 S.
1058 2785 1193 2868 liguor,
1250 2827 1251 2866 t

225 2871 277 2942 ib„
297 2875 331 2933 n⁰
342 2875 392 2948 353
408 2877 439 2934 et
451 2871 529 2935 dicta
542 2889 632 2954 supra
646 2871 747 2950 (6331,
763 2875 864 2953 6333).
1250 2867 1251 2940 l

265 2965 354 3024 6103.
377 2960 491 3024 Dicitur
501 2967 533 3024 l·
547 2969 777 3024 consummatam
787 2982 798 3023 :
808 2961 875 3024 ride
889 2981 979 3043 supra
992 2964 1102 3046 (6336);
1113 2967 1194 3033 unde
1250 2979 1251 3012 ³

224 3069 384 3115 censuram
394 3069 455 3113 non
463 3050 789 3128 incurruntmandanS‚
800 3051 973 3132 consulens,
983 3052 1084 3118 ferens
1092 3057 1193 3120 suffro-

224 3139 1191 3222 gium,simandatum,consiliumautsuffragiumefficaciternon

225 3229 329 3292 inlluat
343 3230 374 3292 in
388 3229 515 3306 crimen,
535 3231 593 3291 nisi
608 3246 737 3291 censura
756 3229 962 3313 principaliter
982 3239 1086 3296 contra
1105 3253 1189 3297 man-

222 3318 344 3394 dantes,
358 3317 560 3390 consulentes
576 3322 648 3396 etc,
667 3316 725 3380 lata
736 3317 858 3398 luisset,
874 3325 904 3383 et
916 3325 991 3384 tunc
1003 3340 1130 3386 censura
1144 3325 1189 3386 in-

224 3407 354 3468 curritur
376 3407 466 3470 etiam
487 3406 594 3470 ellectu
621 3424 684 3468 non
707 3414 821 3470 secuto.
846 3411 889 3488 (S.
918 3411 1055 3492 Liguon,
1078 3411 1128 3474 lib.
1153 3419 1187 3494 7,

225 3491 265 3554 u¹¹
280 3495 395 3573 3638).
407 3496 582 3577 Disputatur
595 3501 696 3557 autem
709 3513 749 3556 an
763 3495 919 3560 incurrant
930 3517 1091 3562 censuram
1105 3519 1188 3564 man-

224 3577 317 3656 dans,
332 3583 506 3664 consulens,
521 3591 592 3664 etc,
613 3582 645 3646 in
663 3580 756 3648 dubio
769 3603 808 3646 en
831 3586 1007 3650 mandatum
1027 3589 1072 3650 rel
1092 3591 1186 3652 consi·
