2466 4258
321 280 407 328 urere
426 279 563 326 rennos.
586 293 624 312 ·-
646 279 834 328 acerrumas.
1005 265 1061 325 731

80 399 244 485 sponsalia
260 397 379 462 luerint
394 405 553 462 contracte
571 417 579 462 ε
595 397 635 462 de
650 397 764 479 agendi
785 397 906 462 ratione
926 397 1062 462 liliorum

82 495 153 556 sive
167 509 238 556 curn
255 509 292 552 os
305 487 551 561 celebrarentur,
569 489 633 550 sive
652 505 725 550 eum
742 498 969 568 cognoverunt,
986 490 1063 570 quid

83 581 227 667 proipsis
240 587 386 662 parentes
398 579 771 658 egerint,utrumnempe
783 577 1065 657 aliquomodofae-

83 687 155 737 tum
168 669 365 747 admiserint,
379 667 428 729 rel
444 675 554 731 contra
571 669 675 748 ipsum
692 667 852 747 protestati
870 665 997 746 luerint,
1014 669 1065 732 rel

82 763 198 827 saltem
212 757 408 823 ostenderint
422 774 489 820 sese
504 774 586 832 aegre
606 755 687 818 ferre
710 763 838 837 pactum
865 756 1063 837 praedictum.

84 851 139 917 Ad
151 851 238 912 bunc
249 849 345 910 linem
359 847 562 910 examinandi
578 839 682 920 erunt,
697 846 752 927 qui
768 847 945 910 contractui
959 848 1067 911 adluc-

85 939 235 1016 runt,vel
250 937 352 1019 quiet
373 944 570 999 contractum
598 943 630 998 et
655 952 845 1016 sponsorum
871 935 1066 1000 voluntatem

87 1036 286 1115 perspectam
310 1026 425 1088 babere
441 1033 628 1107 potuerunt;
644 1025 714 1104 ipsa
727 1043 855 1106 quoque
876 1043 1065 1105 sponsorum

86 1119 201 1200 agendi
218 1119 297 1180 ratio
317 1123 383 1178 tam
413 1115 494 1176 inter
519 1133 563 1188 se,
580 1131 678 1196 quam
707 1132 778 1194 erga
795 1122 941 1194 parentes
955 1116 1066 1198 explo-

87 1209 188 1273 randa
203 1209 285 1282 erit;
308 1217 414 1266 utrum
438 1213 600 1284 tamquam
630 1221 763 1282 sponsos
791 1221 858 1266 sese
883 1203 1064 1279 habuerint,

88 1309 195 1363 utrum
209 1295 248 1358 do
262 1293 369 1357 tuturo
396 1291 602 1354 matrimonio
619 1291 807 1372 colloquuti,
824 1301 855 1354 ct
881 1312 945 1375 quo
960 1312 1068 1358 amore

86 1406 156 1453 sese
168 1397 280 1448 mutuo
294 1383 477 1464 prosequuti
493 1381 620 1444 luerint.
638 1380 670 1442 Si
690 1382 876 1459 constiterit,
893 1383 1068 1450 ambosaut

86 1477 223 1539 alterum
238 1474 349 1536 saltem
372 1471 576 1534 matrimonio
598 1469 756 1534 obstitisse
769 1481 800 1534 et
823 1481 1005 1538 constanter
1018 1495 1069 1557 pa·

87 1575 215 1630 rentum
230 1561 384 1624 voluntati
399 1561 561 1634 restitisse,
585 1569 694 1624 contra
722 1562 919 1642 sponsalium
935 1566 1070 1628 existen·

89 1657 165 1720 tiam
182 1651 339 1736 judicium
354 1651 468 1730 poterit
483 1649 628 1731 proferri.
645 1648 677 1712 Si
695 1659 805 1714 eontra
819 1653 1004 1731 constiterit,
1019 1657 1068 1718 vel

90 1741 276 1826 parentibus
290 1759 356 1802 non
372 1738 596 1818 restitissent
612 1737 718 1801 medio
738 1750 928 1820 opportuna,
945 1747 978 1806 in
994 1763 1068 1826 pro-

89 1833 159 1914 pria
187 1836 340 1913 potestate
361 1829 552 1912 posita,n0n
569 1825 754 1890 adhibuisse
770 1837 804 1892 ut
829 1833 1068 1896 matrimonium

90 1922 294 2003 impedirent,
321 1928 352 1982 et
385 1927 418 1980 ut
444 1929 632 1999 parentesa
663 1918 824 1998 proposito
852 1933 1067 2000 removerent,

90 2011 253 2076 ordinarie
264 2027 323 2089 pro
338 2008 533 2089 sponsalium
549 2015 579 2070 et
594 2007 815 2087 impedimenti
838 2009 1003 2072 existentia
1014 2011 1068 2089 ju·

89 2099 264 2164 dicandum
293 2100 362 2160 erit.
392 2097 513 2160 Dicitur
538 2095 706 2170 ordinarie,
734 2096 859 2178 quiesi
886 2115 970 2179 pars,
996 2119 1069 2180 quae

91 2188 250 2270 sponsalia
265 2188 445 2268 impugnat,
462 2185 665 2250 affirmaverit
692 2184 750 2246 sibi
778 2183 917 2250 doluisse
940 2186 1070 2252 liberta·

92 2286 155 2341 tem
178 2276 363 2359 parentibus
392 2275 644 2351 contradicendi,
661 2275 884 2354 eosdemquea
908 2278 1070 2357 proposito

92 2365 288 2442 retrahendi,
304 2367 383 2429 ratio
397 2365 486 2430 istius
496 2372 621 2427 assertre
637 2364 809 2428 coactionis
820 2365 877 2428 erit
891 2364 1049 2428 habenda.

418 2595 583 2643 tnrtcuttrs
605 2595 740 2642 contiuo.

319 2739 364 2803 De
384 2739 597 2820 impedimento
619 2739 664 2802 cis
683 2746 713 2802 et
734 2746 842 2806 metue.

128 2909 183 2975 35.
203 2909 289 2973 Circa
305 2909 570 2991 impedimentum
592 2909 742 2991 quodvis
761 2918 792 2974 et
815 2919 918 2975 metus
938 2911 1069 2992 dicitur,

89 3010 162 3064 ante
189 3001 297 3064 omnia
325 2997 555 3064 advertendum
593 3001 744 3075 occurrit,
772 3001 934 3066 neminem
957 3021 975 3064 a
1001 3005 1073 3083 jure

90 3091 214 3152 admitti
228 3089 267 3152 ard
284 3089 522 3152 matrimonium
538 3107 578 3151 ex
601 3087 663 3152 hoc
684 3091 787 3171 capite
803 3090 1071 3172 impugnandum,

91 3177 150 3236 nisi
176 3179 230 3257 qui
241 3179 425 3242 violentiam
441 3187 472 3241 et
495 3179 694 3242 coactionem
712 3197 824 3261 passus
839 3178 968 3256 dicitur,
986 3183 1073 3262 rejici

90 3281 263 3341 cerneum,
286 3269 340 3346 qui
354 3287 409 3348 per
424 3268 556 3350 longum
574 3278 699 3350 tempus
713 3269 744 3332 in
762 3269 967 3332 matrimonio
986 3271 1071 3332 vixe-

90 3353 143 3426 rit,
173 3353 347 3416 dummodo
372 3355 476 3418 eidem
511 3356 639 3420 libertas
666 3365 697 3420 et
727 3358 950 3439 opportunitas
976 3361 1073 3421 recla-

89 3441 198 3505 mandi
228 3459 292 3506 non
317 3441 473 3520 deluerit;
496 3445 541 3514 its
557 3453 592 3506 ut
616 3443 642 3506 si
670 3445 750 3508 liber
767 3447 873 3528 ieme
900 3457 987 3512 metu
1015 3468 1072 3511 sua

91 3543 201 3613 sponte
229 3533 262 3594 in
287 3533 450 3614 conjugali
485 3533 582 3598 domo
611 3536 803 3616 perstiterit,
827 3537 1072 3602 matrimonialia

89 3621 194 3686 cilicia
216 3639 282 3687 oon
306 3622 541 3698 detrectaverit,
570 3625 672 3688 eudiri
698 3625 835 3708 amplius
860 3643 923 3692 non
939 3627 1069 3692 debeat.
