2526 3988
209 299 245 358 78
446 314 583 360 urrunnu
603 313 704 361 rcrrus
723 311 805 358 sums
825 309 972 358 cruorum.

207 414 369 498 improprii
390 413 502 478 dictum
521 433 573 478 scu
597 413 903 498 quasi-domicilium
925 409 1000 497 quid
1020 429 1076 496 per
1095 427 1129 474 ca
1142 407 1176 472 sit

208 504 450 587 intelligendum,
461 503 593 568 diximus
603 523 695 586 supra
709 505 822 583 (1349).

246 597 338 658 5680.
361 595 474 657 lterbm
493 593 638 676 distingui
651 597 749 676 potest
769 590 960 655 domicilium
982 589 1015 654 in
1029 609 1130 654 urrann
1150 595 1178 654 et

208 683 361 766 fictitium.
373 681 478 746 Verum
489 689 534 745 est
548 682 713 764 illudqubd
727 681 795 763 quis
805 682 937 744 verdseu
947 680 1096 763 corporali
1107 697 1178 764 prae·

208 774 305 835 sentit
331 772 441 836 alicubi
469 772 629 835 contrahit.
658 771 821 834 Fictiliam
844 777 890 834 est
912 770 997 833 locus
1023 769 1179 852 quamius

208 867 353 944 tanquam
379 879 485 925 verum
513 861 703 924 domicilium
724 859 856 941 assignat
882 859 972 922 certis
990 857 1130 942 personis
1144 855 1180 919 cb

208 950 369 1032 specialem
387 967 493 1015 earum
506 949 732 1028 conditionem,
747 949 815 1012 licet
828 947 867 1011 de
880 947 960 1012 lacto
973 945 1015 1010 ihi
1029 966 1093 1012 non
1104 965 1181 1012 cons

209 1047 384 1104 morentur:
396 1041 439 1103 sic
447 1059 485 1103 cx
499 1039 621 1103 fictione
628 1039 716 1120 iuris,
727 1057 814 1112 uxor,
826 1037 1013 1121 ubicumque
1026 1037 1092 1120 ipsa
1104 1035 1182 1099 habi·

209 1134 271 1206 tat,
300 1129 399 1192 mariti
421 1127 609 1191 domicilium
633 1128 744 1191 habere
767 1131 927 1202 censetur,
955 1131 985 1190 et
1011 1125 1181 1207 hujusmodi

209 1215 395 1281 domicilium
410 1222 527 1295 servat,
542 1217 631 1280 etiem
646 1216 790 1281 defuncto
803 1218 879 1296 viro,
894 1216 1029 1299 quandiu
1042 1216 1074 1278 in
1087 1215 1182 1278 vidui-

210 1313 270 1368 tate
289 1314 402 1369 manet.
428 1309 470 1368 lta
481 1305 532 1387 jus
545 1325 706 1370 romonum
721 1307 791 1386 (Ult.
812 1305 899 1388 lege,
915 1305 950 1369 de
965 1303 1096 1384 Iauolis,
1112 1303 1182 1369 cod.

210 1395 331 1474 lustin).
951 1403 955 1410 ’

244 1486 402 1548 ucat-1.
411 1483 1183 1567 thuisbabeatalicubidomicitmmproprildictcn

212 1572 374 1654 requiritur
388 1579 419 1636 et
432 1575 540 1637 suflicit
553 1575 635 1656 qudd
656 1574 696 1636 ibi
710 1574 844 1636 habitare
858 1573 981 1657 coeperit
995 1591 1066 1638 cum
1085 1575 1185 1637 animo

212 1661 324 1724 ibidem
338 1665 483 1745 perpetud
498 1663 657 1726 manendi:
675 1681 731 1726 nec
745 1663 909 1746 requiritur
922 1669 956 1726 ut
969 1661 1114 1726 habitatio
1128 1683 1184 1726 con

212 1751 250 1812 sit
264 1752 429 1834 interrupta
439 1801 446 1828 ,
458 1753 550 1814 modd
564 1753 730 1816 revertendi
745 1753 865 1816 animus
879 1758 1066 1835 perseveret;
1083 1753 1109 1816 si
1119 1755 1186 1816 rerd

212 1857 275 1902 non
289 1847 407 1903 constet
427 1842 465 1904 dc
479 1843 581 1904 animo
597 1843 710 1905 ibidem
723 1844 869 1926 perpetud
882 1841 1046 1920 manendi,
1062 1843 1185 1925 quidam

212 1928 317 1992 dicunt
334 1931 472 1996 sufficere
485 1931 701 1995 habitationem
716 1930 855 1995 decennii
874 1951 881 1993 :
897 1932 950 1995 sed
964 1932 1002 1995 de
1019 1930 1078 1994 boc
1092 1939 1185 2014 potest

212 2036 278 2082 csse
297 2017 468 2101 difficultas,
488 2029 521 2084 ut
539 2022 639 2084 videre
652 2029 696 2084 cst
716 2021 797 2103 apud
812 2020 1097 2104 Schmclzgrueber,
1119 2024 1182 2087 ab.

212 2107 309 2172 Bouix
324 2110 451 2173 relatum
462 2111 517 2189 (De
529 2109 642 2188 lodic,
654 2118 728 2172 tom.
747 2114 782 2190 l,
797 2128 828 2192 p.
843 2112 922 2192 272).

182 2277 185 2284 Ι
250 2201 340 2260 abab.
369 2200 557 2280 Regulariter
579 2199 644 2261 talis
667 2205 712 2263 est
739 2199 783 2262 vis
802 2199 948 2264 domicilii
971 2200 1094 2283 proprie
1119 2201 1186 2265 dicti
1238 2255 1239 2284 ,

212 2290 246 2348 ut
268 2286 346 2348 inter
375 2289 472 2348 varios
503 2288 619 2366 judices
646 2289 726 2371 qui,
754 2291 866 2352 attenti
901 2290 1000 2372 specie
1031 2307 1133 2355 ‹tarr-aa*¹
1159 2299 1186 2356 ct
1238 2291 1239 2346 i

213 2391 414 2455 personarum
436 2375 514 2437 inter
534 2395 610 2458 quas
631 2377 773 2450 vertitur,
792 2377 1033 2459 jurisdictionem
1056 2379 1184 2460 babent,

212 2461 263 2525 illc
286 2481 406 2546 semper
419 2464 458 2528 sit
474 2471 674 2548 competens:
695 2467 777 2529 unde
799 2469 937 2550 quamvis
955 2477 1134 2550 competens
1151 2473 1187 2534 sit
1237 2519 1239 2526 ,

211 2551 304 2632 judex
317 2553 375 2617 loci
389 2553 421 2616 in
435 2573 497 2636 quc
510 2561 700 2620 contractum
715 2556 786 2636 luit,
801 2557 846 2620 rel
861 2565 1009 2640 patratum
1023 2558 1184 2641 delictum,

212 2641 258 2704 rel
271 2644 327 2705 sita
340 2649 384 2704 est
398 2662 447 2706 res
460 2644 498 2706 dc
513 2647 574 2728 qul
585 2645 620 2707 lis
634 2653 782 2722 movetur,
798 2646 855 2709 hoc
868 2653 970 2710 tamen
985 2666 1047 2709 non
1062 2649 1185 2732 impedit

214 2731 286 2811 quin
297 2731 386 2794 simul
400 2734 580 2797 cumulativb
589 2743 765 2817 competens
775 2738 865 2798 ctiam
874 2737 913 2799 sit
924 2736 1016 2817 judex
1026 2737 1183 2820 domicilii,

213 2818 304 2880 modb
317 2827 418 2882 tamen
432 2823 470 2883 ab
484 2823 549 2884 aliis
565 2843 625 2885 non
644 2824 733 2887 luerit
748 2833 937 2907 praeventus,
953 2833 982 2889 et
996 2825 1054 2890 boc
1068 2831 1184 2893 etiamsi

213 2925 282 2970 reus
296 2909 327 2970 in
342 2909 408 2971 loco
421 2909 563 2974 domicilii
578 2919 651 2976 tunc
665 2933 727 2977 non
742 2915 847 2978 existat
863 2935 871 2976 τ
888 2921 984 2998 potest
998 2917 1182 2996 enimcitari,

213 3001 279 3061 etsi
294 3000 512 3062 contumaciter
527 3021 588 3063 non
602 3010 793 3086 compareat,
808 3003 955 3067 immissio
975 3007 1005 3067 in
1020 3007 1086 3086 eius
1107 3007 1184 3070 bona

213 3087 277 3150 lieri
298 3095 395 3171 potest
408 3097 438 3150 ct
456 3092 603 3154 sententia
621 3093 827 3174 pronuntiari;
842 3093 910 3156 etsi
925 3094 1059 3177 legitime
1078 3098 1184 3160 citatus

212 3183 306 3240 mutet
320 3176 526 3257 domicilium,
542 3180 743 3246 nihilominus
756 3183 851 3263 judex
864 3183 916 3265 qui
936 3202 1007 3247 eum
1022 3189 1180 3267 praevenit,

213 3265 358 3345 judicium
382 3274 479 3349 potest
499 3269 653 3352 prosequi.
678 3273 760 3356 (Cap.
785 3272 965 3356 Proposuisti
988 3277 1046 3354 19,
1072 3273 1183 3358 deson

211 3359 345 3437 compet.)

251 3447 341 3507 568³.
365 3447 562 3529 Excipiuntur
579 3456 680 3513 cutem
696 3455 726 3512 l⁰
744 3469 820 3514 uxor
833 3458 863 3516 et
883 3450 974 3515 vidua
990 3471 1060 3534 quae
1075 3473 1180 3518 conve-

214 3527 331 3592 niendae
345 3542 416 3595 sunt
436 3537 467 3596 in
482 3537 548 3600 loco
568 3538 710 3601 domicilii
726 3541 888 3619 maritalis3
907 3541 1092 3624 ubicumque
1105 3543 1179 3607 eris·

212 3623 276 3678 tent
286 3619 360 3697 (Lex
373 3623 449 3683 lust.
461 3625 546 3686 Ir'a'lii
555 3631 604 3704 92,
616 3625 648 3688 ll.
660 3627 699 3689 od
708 3628 833 3708 llunic,
845 3629 883 3692 ab
897 3629 1029 3694 Ecclesit
1038 3631 1178 3710 admissa,

214 3711 317 3785 utpote
331 3725 399 3788 quae
413 3727 475 3770 non
489 3716 696 3792 contradicit);
714 3721 746 3778 2⁹
757 3718 852 3783 hares
871 3719 994 3802 quando
1007 3721 1179 3786 convenitur

1045 3 1062 11 -ι
1115 1 1198 18 'u''

1063 16 1113 45 u'¹

1041 39 1047 47 ι

1087 63 1095 73 Ι
