2548 3988
409 183 497 246 unna
517 181 646 229 rnnrrus.
961 165 1016 230 311
1034 195 1039 205 ·

47 283 138 362 lotio,
154 279 292 366 quamvis
304 301 342 346 ex
360 281 462 363 aliqut
480 285 572 346 coust
585 281 679 364 possit
694 280 893 348 cohonestari.
910 281 941 347 Si
956 284 1023 366 quis

48 373 127 436 dicat
143 392 150 433 :
167 370 296 434 Absolvo
313 378 357 450 te,
371 372 398 434 si
412 373 494 432 intra
513 371 761 450 memmonicos,
781 371 858 438 tacu
874 373 1023 436 solutione

50 463 128 524 intra
141 459 257 534 dictum
270 466 406 547 tempus,
422 459 537 523 tollitur
554 477 693 532 censura.
709 461 752 554 (S.
767 460 904 544 Lignea,
919 460 973 527 lib.
988 465 1021 542 l,

51 570 72 612 n
90 553 184 702 pppss.)
206 637 330 712 Quaerit.
344 642 378 700 'l’
392 616 440 702 ln
455 637 563 702 absens
577 637 670 720 possit
683 639 701 702 t
715 639 844 702 censuit
857 637 955 704 solvit

91 729 183 811 Resp.
197 728 379 791 Affirmative
393 729 471 810 (cap.
484 728 528 790 De
538 727 694 809 manifestet
707 731 754 802 lt,
771 745 798 791 c.
815 730 851 798 2,
865 745 897 808 q.
914 731 944 804 l,
959 747 1025 811 cap.

56 819 169 896 Quanto
180 821 209 890 8,
221 836 249 880 o.
261 822 291 893 2,
304 836 335 900 q.
351 820 392 894 5).
405 815 464 878 Sed
473 817 537 878 sint
551 819 642 878 coust
654 817 785 898 urgenti,
796 814 905 878 absens
916 815 1028 879 absolvi

54 926 118 970 non
144 903 245 969 debet.
268 907 305 966 ut
327 905 352 968 si
373 903 542 968 obtineatur
564 904 711 966 absolutio
732 921 785 988 per
804 911 1029 986 procuratorem

54 996 145 1060 debet
165 996 219 1060 iste
240 993 351 1058 habere
365 994 540 1068 mandatum
556 993 684 1076 speciale
698 998 729 1056 et
741 998 878 1056 constare
891 991 981 1058 debet
992 994 1031 1059 dc

56 1083 281 1149 emendatione.
298 1085 329 1145 S.
346 1083 467 1164 Lignor.
483 1081 546 1162 (lib.
560 1086 591 1160 ’1,
607 1091 641 1144 n⁰
659 1081 738 1162 117).

94 1177 184 1237 6117.
208 1172 330 1246 Ouaerit,
347 1174 378 1236 8⁰
399 1175 448 1237 16
461 1171 525 1234 dari
540 1171 634 1254 possit
646 1169 794 1236 absolutio
806 1169 845 1237 ad
861 1168 1031 1234 reinciden-

58 1263 149 1338 tiam,
165 1267 195 1324 et
208 1279 247 1326 an
261 1267 335 1327 tunc
351 1260 520 1342 requiratur
535 1278 611 1336 inova
625 1259 713 1344 culpa
726 1259 765 1324 ed
779 1257 1033 1332 reincidenduml

99 1353 190 1434 ltes'p.
206 1350 297 1423 rtdtm
308 1348 493 1425 affirmative,
509 1366 581 1412 casu
594 1367 703 1432 nempe
717 1366 779 1430 quo
788 1347 935 1412 absolutio
946 1347 1033 1412 datur
1059 1411 1061 1415 .

59 1439 118 1502 sub
141 1443 347 1516 contendere,
363 1456 424 1522 quo
445 1455 507 1502 non
530 1436 654 1520 impleto
674 1437 752 1500 intra
765 1442 881 1502 certum
894 1441 1034 1520 ternpus,

61 1545 192 1592 censura
206 1526 360 1589 reviviscit

103 1617 194 1698 Resp.
209 1612 255 1676 Ad
270 1617 309 1676 2²
321 1616 406 1694 juxta
426 1613 615 1693 samesium,
632 1631 693 1678 non
707 1613 821 1696 requiri
835 1618 908 1681 tunc
926 1635 1034 1682 novam

62 1705 186 1787 cuipam
196 1750 205 1782 ,
216 1703 287 1790 quia
300 1709 403 1765 manet
418 1702 525 1778 eadem
538 1721 682 1781 censura,
693 1721 762 1784 quae
776 1722 839 1767 non
852 1705 908 1766 luit
921 1704 1035 1770 sublata

64 1795 123 1856 nisi
139 1793 196 1856 sub
209 1791 393 1855 conditione.
409 1793 461 1853 Est
480 1797 582 1854 tamen
597 1791 654 1854 alia
674 1791 821 1854 sententia
838 1811 907 1874 quae
927 1794 1035 1878 proba-

64 1883 154 1949 bilior
174 1881 281 1944 dicitur
304 1883 323 1944 t
345 1883 376 1943 S.
401 1879 522 1961 liguor.
544 1885 574 1941 et
596 1896 664 1963 quae
683 1877 771 1940 docet
793 1880 906 1960 requini
930 1900 1037 1946 novam

63 1973 205 2053 culpam,
229 1971 300 2074 quia
322 1970 420 2052 prima
444 1987 571 2031 censura
594 1986 656 2030 non
677 1973 775 2050 potest
797 1966 856 2032 dici
880 1987 1036 2052 suspensa,

52 2061 125 2124 'nisi
139 2064 314 2124 auctoritate
327 2057 496 2134 pontificis,
515 2063 545 2120 et
565 2056 633 2119 ideo
648 2055 713 2118 sine
727 2058 803 2128 nont¹
818 2055 908 2138 culpt
922 2057 1036 2120 renasci

67 2168 130 2212 non
144 2155 251 2235 potest.
269 2149 313 2228 (S.
329 2147 463 2230 Lignum,
480 2146 718 2227 66116115.)

107 2242 198 2302 6116.
221 2237 344 2310 Quaerit.
365 2239 396 2299 θ’
419 2239 466 2297 lln
489 2234 603 2297 babens
629 2240 807 2318 potestatem
827 2233 999 2298 absolvendi
1023 2236 1040 2298 t

67 2330 197 2393 censuit
216 2326 247 2388 in
265 2326 331 2388 loro
353 2324 545 2387 conscientia
568 2325 662 2408 possit
683 2321 714 2385 id
732 2323 829 2387 lacere
850 2324 940 2386 etiam
959 2331 1042 2388 extra

73 2413 321 2482 contessionem?
743 2481 745 2486 ,

110 2508 202 2588 Resp.
230 2502 263 2566 ld
286 2500 526 2564 controverti—
541 2499 676 2562 Dicimus
698 2505 799 2562 tamen
822 2499 852 2560 id
871 2498 935 2562 lieri
955 2517 1043 2582 posse

64 2592 196 2680 ,quando
205 2609 267 2654 non
282 2591 381 2672 agitur
390 2589 428 2650 de
435 2589 553 2651 casibus
561 2585 728 2672 papalibus;
741 2587 812 2649 dicit
820 2587 891 2648 verb
901 2587 1044 2650 Stremler

72 2683 146 2764 (Des
153 2681 254 2764 peines
267 2679 378 2754 eecle's„
394 2696 425 2759 p.
440 2676 644 2760 1311666ᾱεί
663 2676 831 2760 Episcopus
843 2675 975 2738 absolvat
987 2675 1044 2738 im·

75 2769 192 2848 petitos
206 2771 335 2832 Romam
354 2765 454 2843 adire,
470 2764 564 2846 possit
575 2781 630 2846 per
643 2781 675 2828 se
689 2769 742 2825 cut
758 2781 813 2844 per
825 2761 900 2826 alios
932 2765 996 2826 ttm
1013 2763 1046 2826 in

74 2851 142 2914 loro
163 2851 282 2912 interno
302 2849 395 2930 qutm
419 2854 558 2920 externo,
580 2860 633 2906 eos
653 2841 836 2918 absolvere3
859 2847 889 2905 et
936 2860 974 2906 oc
987 2859 1048 2906 non

75 2940 254 3002 contradicit
277 2937 415 3000 absolute
436 2932 630 2996 declarationi
653 2931 789 3013 Gregorii
824 2931 890 2994 Xlll
919 2931 1047 2995 citataed

75 3031 107 3091 S.
124 3031 246 3111 lignos.
265 3029 329 3112 (lib.
346 3031 376 3103 'l,
393 3028 428 3087 n·
443 3023 525 3105 rso).

115 3120 342 3192 6116066611.
368 3119 415 3180 111ο
435 3117 482 3176 An
507 3112 605 3176 valida
618 3110 657 3174 sit
678 3109 827 3174 absolutio
848 3125 1046 3174 censurarum

73 3214 293 3274 reservaturum
316 3213 439 3291 accepta
462 3203 543 3268 bont
564 3201 625 3266 llde
645 3200 665 3266 t
682 3199 867 3265 conlessnrio
881 3199 933 3287 qui
954 3198 1045 3260 talem

72 3317 136 3362 non
151 3297 241 3363 babet
253 3295 456 3382 potestatem?
1053 3325 1056 3341 ·

111 3389 202 3472 Resp.
218 3388 249 3451 Si
263 3405 347 3452 error
356 3387 435 3451 circa
448 3389 627 3472 potestatem
641 3379 815 3446 contessarii
831 3396 892 3442 non
905 3377 943 3442 sit
956 3394 1045 3439 com·

69 3482 185 3558 munis,
200 3479 252 3544 sed
263 3477 361 3541 soldm
375 3477 518 3563 privatus,
533 3473 664 3537 invalida
678 3480 724 3539 cst
732 3469 799 3536 talis
811 3467 974 3545 absolutio,
987 3465 1044 3532 etsi

69 3591 133 3637 non
148 3577 254 3656 peccet
266 3567 417 3654 accipiens
430 3566 470 3630 ob
480 3583 567 3630 suam
576 3563 690 3627 bonam
704 3561 1043 3653 boemanosque
