2462 3984
174 247 232 308 ttO
390 257 528 306 nanctus
549 256 650 305 sortus
671 255 752 303 sums
773 255 921 302 otnomor.
953 329 957 334 .

171 377 186 421 o
211 359 364 439 gentium,
386 363 421 420 ut
443 355 532 420 unius
553 355 688 419 hominis
711 355 868 437 scripturae
869 397 932 417 .....
956 353 1048 437 plena
1069 353 1148 420 lldes

171 469 185 508 a
209 447 424 510 habeatur...»

210 541 242 599 2⁰
263 537 299 599 Vi
322 543 424 600 tamen
438 535 680 610 consuetudinis,
700 533 824 610 notarii,
839 539 912 612 etc,
933 535 972 597 ab
989 535 1149 619 Episcopis

172 632 295 708 possunt
310 627 420 704 creari,
435 634 469 690 ut
482 625 666 688 nananimiter
679 629 784 686 tenent
801 625 863 686 DO.
877 643 886 700 ;
902 629 931 687 et
945 623 976 684 in
991 623 1050 688 hoc
1063 625 1152 688 adest

170 734 336 779 consensus
353 716 457 778 saltem
473 715 580 778 tacitus
594 713 761 794 Principis,
776 711 914 775 videlicet
927 714 959 775 S.
979 713 1148 778 Pontiticis.

170 805 292 868 Frustra
306 805 486 885 objiceretur
499 802 582 887 qudd
596 804 628 864 in
642 801 775 864 Concilio
789 801 974 878 Viennensi,
1001 807 1150 886 unquam

170 895 360 976 privilegium
374 895 557 958 aGlemente
570 894 594 954 V
605 891 743 974 pluribus
754 890 996 975 Arcbiepiscopis
1010 893 1151 972 ejusdem
1229 918 1230 923 ¹

170 985 296 1047 Consilii
320 984 407 1047 luerit
427 1000 606 1046 concessum
628 981 666 1042 ad
686 979 820 1044 officium
842 981 1054 1044 tabellionatus
1072 982 1153 1047 duas

170 1091 315 1153 personas
329 1092 404 1156 quas
415 1073 538 1136 idoneas
549 1071 732 1152 reperissent
746 1089 944 1152 promovere:
960 1089 1033 1134 nam
1047 1071 1080 1133 iu
1092 1071 1152 1136 hoc

170 1180 243 1225 casu
270 1163 413 1243 agebatur
435 1161 473 1223 de
500 1159 712 1223 tabellionibus
738 1159 877 1222 creandis
904 1179 941 1222 ex
969 1163 1153 1226 auctoritate

171 1253 203 1313 S.
220 1251 305 1313 Sedis
318 1258 348 1313 et
361 1250 414 1331 qui
428 1249 540 1332 ubique
554 1249 612 1312 hoc
632 1249 766 1312 oliicium
783 1267 924 1312 exercere
939 1249 1085 1314 valerent.
1102 1254 1153 1316 Ex

170 1338 229 1401 boc
242 1339 320 1402 lacto
333 1357 405 1420 ergo
420 1339 525 1420 nequit
538 1337 679 1402 concludi
690 1337 771 1420 qudd
781 1337 921 1420 Episcopi
933 1337 1090 1420 indigeant
1104 1343 1154 1404 ln

171 1427 255 1490 dulto
276 1428 433 1492 Pontificio
446 1428 484 1492 ad
502 1427 649 1492 creandos
670 1427 801 1490 notarios
821 1446 877 1510 pro
898 1427 961 1490 suis
983 1427 1055 1490 sotis
1073 1429 1146 1494 dioe

171 1519 301 1581 casibus.

211 1610 302 1671 5780.
328 1607 499 1670 dutumavit
517 1607 641 1670 Felinus
663 1606 846 1672 creationem
870 1607 978 1669 notarii
997 1607 1156 1690 pertinere

15 1687 24 1724 ³
48 1741 49 1744 ,
171 1696 210 1760 ad
223 1697 421 1762 voluntariam
433 1696 686 1776 jurisdictionem,
702 1715 737 1759 ac
751 1694 877 1778 proinde
892 1715 980 1778 posse
995 1703 1156 1766 notarium

172 1786 210 1849 ab
223 1786 371 1868 Episcopo
385 1794 467 1850 extra
480 1804 566 1850 suam
580 1785 735 1849 dioecesim
749 1786 914 1864 existente,
933 1788 1031 1850 creari
1046 1791 1154 1870 quoad

172 1895 259 1938 suam
272 1876 446 1954 dioecesim3
463 1885 574 1958 negant
590 1883 692 1939 tamen
714 1875 815 1956 plures
834 1875 884 1937 alii
898 1875 979 1958 apud
1002 1879 1155 1944 eumdem

172 1966 268 2029 Bouix
283 1965 350 2045 (io,
364 1985 396 2049 p.
411 1965 664 2048 498),allegantes
675 1965 726 2044 ius
736 1983 897 2027 romanum
911 1972 941 2028 et
955 1985 1025 2030 can.
1043 1967 1157 2033 Omnes

173 2055 327 2134 Basilicas,
344 2060 399 2134 ld,
416 2076 447 2138 q.
469 2061 498 2116 7.
515 2053 602 2118 Unde
624 2056 688 2118 tutd
713 2073 775 2116 non
789 2060 891 2136 ageret
911 2055 1083 2140 Episcopus
1097 2063 1157 2142 qui

171 2145 257 2207 vellet
277 2145 372 2207 Felini
388 2145 562 2226 opinionem
578 2145 609 2205 in
624 2142 740 2226 praxim
750 2143 911 2206 deducere.

211 2238 300 2297 5781.
317 2233 501 2295 «Generales
510 2239 539 2294 et
554 2231 754 2295 Provinciates
763 2231 955 2314 Religionum
965 2252 1070 2298 creare
1082 2257 1157 2320 pos

171 2344 186 2382 u
211 2330 280 2384 sunt
295 2322 426 2383 notarios
441 2322 518 2382 intra
531 2339 620 2383 sunm
635 2321 800 2401 Ordinem,
816 2341 871 2404 pro
889 2323 988 2385 causis
1002 2325 1158 2390 crimina-

170 2433 186 2471 ι)
211 2411 289 2473 libus
314 2410 544 2490 religiosorum,
574 2410 613 2472 ita
636 2417 670 2473 ut
688 2410 746 2472 illis
765 2418 847 2474 tanta
870 2409 945 2474 lidos
968 2413 1160 2480 adhibeatur·

170 2521 186 2562 r
210 2507 323 2582 quanta
336 2500 452 2563 notario
461 2499 630 2562 saeculari.»
646 2501 809 2580 (Ferraris,
820 2509 850 2562 ν·
864 2500 1021 2576 Notarius,
1034 2506 1069 2565 11⁰
1086 2509 1160 2588 at.)

210 2591 336 2673 Insuper
350 2591 381 2651 S.
399 2589 469 2652 Pius
483 2591 508 2649 V
530 2588 741 2670 Superioribus
755 2588 875 2652 Ordinis
897 2591 1158 2676 Praedicatorum,

170 2678 338 2760 acproinde
347 2678 557 2760 Superioribus
565 2678 693 2740 aliorum
701 2676 849 2740 Ordinum
858 2679 889 2740 in
898 2679 1060 2762 privilegiis
1074 2703 1159 2749 cum

170 2767 242 2849 ipsis
264 2767 527 2850 participantium,
543 2775 575 2830 ut
598 2767 630 2830 in
653 2770 837 2848 unaquaque
855 2769 1010 2850 provincia
1029 2773 1160 2852 possint

169 2857 271 2938 plures
291 2856 337 2918 sui
359 2855 479 2917 Ordinis
502 2854 605 2918 iratres
628 2857 810 2919 constituere
832 2857 963 2920 notarios
985 2859 1150 2947 publicos,

168 2964 225 3027 pro
239 2944 413 3006 intimandis
423 2943 571 3008 mandatis
584 2952 614 3008 et
625 2945 777 3028 rescriptis
792 2945 986 3028 Apostolicis,
998 2947 1158 3018 iaciendis

169 3033 376 3097 instrumentis
398 3039 429 3096 et
447 3033 686 3097 authenticandis
707 3036 903 3116 transumptis
925 3035 1081 3118 publicam
1101 3045 1157 3107 nel

168 3125 314 3206 privatam
325 3122 396 3185 dicti
404 3122 524 3185 Ordinis
534 3123 693 3186 utilitatem
703 3123 968 3188 concernentibus.
981 3127 1152 3214 (Ferratus,

168 3213 301 3292 itz'dem.)

206 3305 295 3365 5782.
313 3301 434 3374 Quaerit.
448 3305 480 3363 2⁰
495 3304 542 3363 An
556 3301 663 3364 notarii
678 3301 744 3364 laici
765 3302 882 3385 possint
896 3303 993 3368 valide
1007 3307 1152 3376 officium

167 3409 257 3453 suum
271 3391 397 3471 implere
410 3392 442 3453 in
456 3391 554 3454 causis
567 3390 771 3473 spiritualibus
784 3400 814 3454 et
827 3393 1061 3460 ecclesiasticis?

206 3480 297 3558 Resp.
315 3481 339 3537 V
341 3478 368 3540 el
382 3477 424 3540 illi
439 3479 505 3540 laici
520 3479 558 3540 ab
572 3479 771 3542 ecclesiastica
784 3484 959 3547 auctoritate
971 3505 1027 3567 pro
1042 3489 1149 3555 causis

167 3565 371 3645 spiritualibus
384 3567 536 3628 constituti
551 3575 603 3630 aut
620 3567 727 3631 saltem
741 3568 863 3635 admissi
884 3579 971 3652 sunt,
992 3575 1038 3638 vel
1060 3579 1150 3642 dun-

166 3659 246 3714 taxat
259 3655 276 3713 ὲ
290 3659 434 3735 potestate
447 3655 525 3717 civili
540 3661 611 3718 sunt
624 3658 798 3737 constituti;
814 3661 838 3723 si
853 3662 958 3742 priits,
982 3665 1066 3729 nulla
1084 3690 1149 3751 po-
