2548 3988
468 247 555 296 crura
574 241 706 292 scurrus.
852 235 859 248 ·
1014 217 1074 280 8¹1³

101 392 120 429 ι
146 363 296 431 sollicitati
324 359 436 428 luerint
466 359 504 421 ad
533 353 655 438 turpia,
683 355 714 415 iu
743 349 929 434 quibuslibet
955 345 1075 410 casibus

102 481 119 519 ι
147 453 319 537 expression
333 445 608 514 Praedecessorihus
616 442 731 507 Nostris
738 441 882 523 Gregorio
895 437 960 510 xv,
969 434 1073 500 donst.

104 568 121 606 ο
150 543 299 616 Universa,
317 543 357 604 66
378 537 495 618 augusti
516 537 610 608 tuum
632 539 666 595 et
684 531 848 595 Benedicta
864 527 945 604 xli,
969 524 1073 590 Currat.

104 656 122 694 s
148 633 373 696 Sacramentum
389 624 784 702 Punitentioe,tJ’uuiil'lll.

146 741 162 779 o
185 721 297 782 Praeter
311 717 366 779 hos
381 713 528 778 hacteuus
542 711 717 782 recensitos,
740 709 839 792 pergit
851 705 1011 782 Pontifex,
1024 719 1078 768 eos

104 831 122 868 ι
146 824 270 890 quoque
297 822 375 887 quos
401 806 632 866 Sacrosauctum
661 797 830 866 Concilium
853 795 1077 869 Tridentium,

105 917 121 954 o
147 897 375 974 sivoreservata
397 894 524 953 Summo
539 891 676 954 l'outitici
700 897 752 952 aut
774 885 941 950 Ordiuariis
954 882 1079 946 absolu·

104 1005 123 1045 »
147 983 242 1060 tione,
260 981 322 1044 sive
342 980 456 1062 absque
479 979 541 1041 ulla
562 980 774 1057 reservatione,
797 969 1078 1047 excommunicavit,

105 1074 210 1135 »Noa
234 1071 347 1154 pariter
373 1068 413 1130 ita
450 1068 730 1131 excommunicatos
765 1083 831 1130 asse
867 1062 1079 1135 declaramus,

107 1185 123 1220 o
148 1167 273 1241 exceptu
287 1156 484 1222 anathematis
498 1175 604 1238 poeua,
627 1158 659 1220 in
675 1159 799 1220 Decreta
815 1171 889 1219 sess.
912 1155 945 1228 l,
958 1150 996 1212 de
1016 1147 1080 1211 edi·

107 1274 123 1309 o
148 1249 231 1312 tione
245 1255 273 1310 et
287 1265 346 1312 usu
357 1263 512 1309 sacrorum
526 1245 672 1309 librorum
686 1245 858 1320 constituta,
873 1241 921 1305 cui
934 1239 1001 1302 illos
1014 1244 1081 1298 tau·

71 1347 74 1352 ·
107 1363 123 1398 o
148 1346 214 1402 tum
229 1331 385 1416 subjacere
398 1335 539 1398 volumus
553 1335 605 1417 qui
623 1336 716 1398 libros
728 1335 767 1398 de
781 1333 874 1398 rebus
896 1329 987 1393 sacris
1000 1333 1082 1390 trac-

107 1451 125 1488 »
150 1432 260 1501 tantos,
285 1427 350 1486 siue
377 1423 527 1487 ordinarii
554 1423 771 1506 approbatione
795 1421 999 1504 imprimunt,
1028 1421 1081 1482 aut

108 1538 128 1576 a
154 1514 287 1596 imprimi
303 1511 428 1576 iaciunt.
450 1533 467 1571 a
949 1539 951 1546 ‹

150 1606 240 1667 dbbl.
257 1603 303 1664 lix
314 1601 349 1663 iis
363 1599 478 1664 ultimis
493 1599 590 1663 verbis
610 1619 673 1664 nou
687 1601 817 1683 amplius
831 1597 1083 1664 excommunica·
1161 1609 1164 1616 ·

109 1692 189 1755 tioui
208 1690 363 1770 subjacent
377 1689 429 1770 qui
448 1687 551 1764 libros,
569 1688 607 1752 de
629 1689 719 1752 rebus
741 1690 833 1753 sacris
844 1690 907 1770 jam
921 1689 1084 1770 impressos

109 1779 179 1844 siue
199 1778 415 1860 approbatione
429 1776 592 1852 Ordiuarli,
612 1777 731 1839 venales
750 1777 862 1840 habeut
876 1784 927 1840 aut
941 1777 1082 1851 retinent,

110 1867 207 1930 modo
221 1875 321 1928 tamen
335 1864 508 1944 huiusmodi
526 1865 593 1926 libri
611 1885 670 1928 nou
687 1865 799 1928 luerint
817 1866 856 1928 ab
869 1865 1019 1928 hereticis
1033 1863 1085 1928 aul

110 1955 257 2038 apostatis
271 1954 374 2036 scripti
386 1953 423 2016 ud
437 1953 576 2016 heresim
592 1955 856 2036 propugnandum,
873 1961 1001 2016 autnon
1021 1953 1081 2016 lue·
1205 1945 1208 1952 ’

112 2047 176 2108 rint
192 2043 372 2106 nominatim
390 2041 531 2124 prohibiti
553 2062 606 2124 per
626 2044 752 2106 Litteras
774 2042 965 2124 apostolicas
987 2061 995 2104 :
1016 2042 1088 2123 quia

111 2139 199 2208 tuuc,
211 2133 297 2211 iuxta
318 2130 351 2196 6.
367 2131 541 2212 Apostoltcu
554 2127 655 2207 Sedis,
676 2132 843 2196 incurritur
875 2130 1087 2194 excommuni-

111 2221 203 2298 catio,
219 2221 310 2282 etiam
323 2219 445 2302 speciali
459 2220 556 2296 modo¹
578 2221 698 2284 Sancta
712 2220 783 2284 Sedi
798 2227 956 2285 rmervuta.

154 2311 245 2373 6565.
265 2307 342 2372 Gum
365 2307 397 2371 iu
424 2308 531 2373 eadem
554 2309 774 2374 Constitutione
795 2309 867 2374 Pius
892 2307 934 2373 lx
957 2309 1091 2373 declaret

115 2396 444 2462 excommunicationes
463 2397 532 2462 lata
548 2399 750 2476 sententiaa
769 2399 941 2462 'tridentina
966 2398 1089 2480 Spuma

117 2487 226 2562 illatas,
241 2485 272 2547 iu
286 2487 389 2566 uigore
402 2485 501 2550 adhuc
515 2506 683 2563 remanere,
698 2505 750 2552 eas
761 2487 810 2550 hlc
823 2505 982 2551 recensere
1001 2485 1091 2550 debe·

119 2595 198 2638 mus.
210 2575 321 2638 Praeter
334 2592 407 2657 ergo
418 2575 482 2656 jam
502 2575 648 2640 iudicatas
660 2575 764 2660 (tata)
788 2575 888 2640 adhuc
901 2584 1065 2658 supersunt
1080 2596 1088 2639 ε

119 2719 525 2788 numerumnunerum
549 2733 703 2789 momentu
724 2743 742 2788 a
759 2723 894 2789 Concilio
920 2722 1092 2788 Tridentino

525 2847 528 2853 ·
554 2821 660 2886 r'llatoe.

167 3061 519 3126 Excommunicatiouem
533 3063 601 3146 ipso
616 3065 684 3145 jure
703 3063 830 3130 incurrit
843 3071 945 3148 raptor
957 3065 1094 3132 mulieris

126 3145 310 3211 udelicctum
319 3167 389 3214 cum
396 3169 432 3214 ou
441 3152 641 3216 contrahendi
656 3154 902 3232 matrimonium
922 3154 1094 3236 pariterque

51 3247 55 3255 ’
123 3236 265 3300 eumdem
279 3235 437 3304 incurrunt
448 3259 557 3305 omnes
569 3241 614 3305 illi
624 3241 799 3320 eonsilium,
813 3242 959 3306 auxilium
970 3249 1000 3306 et
1012 3242 1095 3308 lava

126 3343 192 3392 ram
213 3329 389 3408 praestantes
405 3329 493 3413 (aem.
509 3335 559 3406 tl,
575 3349 603 3395 c.
619 3334 651 3412 6,
665 3330 704 3395 de
721 3329 845 3396 reform.
859 3331 974 3414 mata).

594 3441 621 3506 ll

165 3539 255 3604 6666.
285 3559 302 3600 r
319 3537 511 3602 Anuthemoti
527 3541 559 3604 S.
584 3489 724 3623 Syhodus
736 3542 855 3622 subjicit
869 3561 977 3610 omnes
989 3551 1020 3610 et
1030 3547 1094 3610 siue

126 3651 143 3690 ι
166 3627 254 3710 gulas
264 3644 430 3710 musanus,
450 3630 670 3714 cujuscumque
687 3631 840 3713 qualitatis
854 3633 897 3697 vel
913 3635 1062 3701 conditior
