2504 3990
190 172 233 223 il⁰
402 169 458 223 ote
910 173 967 226 BAP

189 271 394 341 promulgatione,
406 275 475 327 ibib.
488 276 524 327 bn
534 275 667 344 aliquando
690 277 754 339 Quid
766 277 797 328 sit
809 284 993 330 sacramentum
1011 279 1139 344 Rapfismi,
1153 293 1174 330 et

190 353 331 418 dispensare
353 360 466 406 tencatur
486 356 621 422 Episcopus
641 356 666 406 in
690 373 740 423 quo
769 364 879 424 tempora
906 357 983 409 fucrit
1011 358 1171 417 institutum,

190 431 236 480 bric
254 431 459 498 promulgatione,
479 435 549 486 toti.
566 435 602 486 tn
619 435 667 486 ati·
690 438 930 499 32l8.0uandooam
942 439 1169 506 coeperitobligarr,

190 510 290 576 quando
301 511 508 580 parochuspossit
517 517 667 580 dispensare,
690 520 761 571 3249,
784 521 900 580 Quanam
917 521 949 572 eit
971 521 1052 587 ipsius
1075 521 1172 570 materia

190 589 259 641 toto.
278 591 315 641 Au
327 591 463 657 Episcopus
475 593 555 642 valeat
567 593 668 660 dispen-
690 596 793 652 remota,
815 591 886 643 3250.
907 594 1027 652 Quanam
1048 593 1081 642 sit
1101 594 1176 659 ipsius

191 685 245 722 saro
257 686 313 722 cum
329 677 397 738 parta
414 687 464 722 non
477 672 583 733 subdita,
598 672 667 724 tote.
692 673 793 724 materia
812 675 881 725 certb
900 673 989 734 valida,
1010 674 1088 724 325¹.
1105 675 1174 734 Qua-

222 751 363 802 Barrrsaus.
376 780 408 789 -
420 752 536 811 Quonam
555 750 604 802 sint
614 753 669 817 jura
692 769 748 804 nam
761 754 862 805 materia
875 753 958 816 dubia,
969 755 1044 805 8252.
1056 755 1174 814 Quanam

192 832 290 895 parochi
307 831 371 884 circa
386 832 499 899 baptismi
511 831 670 883 administra·
693 833 794 884 materia
808 835 875 886 certo
888 833 1004 894 invalida,
1014 834 1090 885 3253.
1105 833 1175 894 Qua-

195 913 293 976 lionem,
304 915 373 966 1350.
386 914 490 966 Ubinam
501 913 532 964 sit
544 914 670 979 baptizan-
693 931 749 966 nam
767 915 923 982 requirantur
939 920 967 966 ut
980 917 1084 966 materia
1100 917 1133 965 sit
1149 917 1176 964 li-

196 996 238 1046 dus
251 997 293 1062 qui
305 1001 417 1048 recenter
428 996 458 1046 ad
472 995 545 1047 fidem
558 1000 595 1046 est
607 1010 671 1045 oon·
694 999 741 1048 cita
760 1004 828 1048 extra
848 997 1031 1058 tracessitatem‚
1051 997 1126 1048 bibi.
1146 1000 1177 1047 ba

195 1079 333 1140 serenaret
346 1079 387 1145 qrri
398 1085 469 1129 natos
480 1085 518 1130 est
529 1095 558 1129 ex
568 1077 671 1129 muliera
694 1081 726 1130 sit
745 1079 849 1132 mortale
875 1097 925 1131 non
951 1079 1072 1132 adhibere
1091 1096 1177 1147 aquam

194 1178 248 1228 quaa
269 1163 362 1228 peperit
383 1169 450 1214 extra
475 1163 557 1214 iocrrm
580 1159 671 1228 proprii
695 1161 882 1228 baptismalem,
896 1167 921 1212 et
937 1177 969 1213 an
986 1161 1011 1212 in
1031 1162 1179 1213 necessitate

195 1241 320 1302 domicilii,
335 1243 403 1293 1350.
417 1245 454 1294 An
467 1243 522 1292 liliis
535 1241 672 1293 infidelium
695 1257 758 1310 aqua
770 1241 879 1293 lustralis
893 1241 926 1292 sit
942 1241 1096 1302 adhibenda,
1111 1243 1177 1292 3355.

197 1321 330 1388 baptismus
343 1323 420 1388 possit
436 1323 542 1376 conferri
561 1324 614 1374 sint
626 1339 672 1389 pa·
695 1326 812 1386 Quanam
825 1325 857 1376 sit
874 1325 974 1375 materia
993 1323 1108 1390 proxima
1123 1324 1182 1388 bap-

196 1409 292 1454 rcntum
305 1419 437 1465 consensu,
450 1405 520 1456 3150.
534 1405 560 1454 lu
573 1404 673 1471 quibos·
696 1407 770 1468 tismi,
785 1407 855 1458 3256.
874 1405 1014 1472 Quotuplici
1033 1405 1114 1456 modo
1128 1407 1183 1470 bap

196 1501 251 1536 nam
264 1487 361 1537 casibus
370 1485 395 1537 id
404 1487 456 1537 ueri
468 1486 547 1547 liceat,
558 1487 673 1538 bibito
696 1491 783 1541 tismus
806 1489 838 1539 sit
858 1488 1041 1548 conterendos,
1066 1487 1141 1538 3256.
1165 1489 1184 1537 b

196 1576 255 1621 tunc
267 1569 372 1622 infantes
388 1571 437 1622 sint
449 1571 578 1638 separandi
590 1571 603 1622 ir
616 1572 673 1621 curi
697 1587 746 1638 quo
763 1571 815 1622 fieri
833 1570 922 1622 debeat
933 1569 1037 1629 ablutio,
1051 1569 1129 1619 3257.
1149 1571 1184 1618 aa

197 1660 334 1720 parentum,
357 1655 426 1706 3152.
449 1656 485 1704 bn
509 1659 532 1705 et
553 1659 674 1720 quatenus
698 1652 792 1703 validus
805 1657 870 1703 esset
881 1649 1049 1716 baptismus
1027 1664 1048 1699 si
1058 1665 1119 1714 quas
1133 1665 1186 1716 pre·

198 1737 320 1788 Draconus
328 1738 404 1803 possit
413 1737 548 1803 baptizare:
557 1737 611 1788 vide
621 1739 676 1788 lits-
684 1678 783 1820 ljiceret
794 1731 921 1783 iollumeo
931 1731 970 1782 rel
983 1735 1098 1796 puteum,
1114 1732 1177 1780 rel
1166 1747 1186 1780 sa

197 1831 279 1870 cotos.
293 1821 364 1871 Extra
376 1821 512 1885 periculum
527 1821 620 1882 mortis,
633 1835 688 1871 ne·
685 1775 899 1880 unaguttaaqua
908 1812 1002 1863 tantum
1011 1810 1185 1872 adhiberetur

201 1901 251 1967 quit
263 1900 572 1968 baptismusadministrari
584 1901 614 1950 ab
627 1900 675 1952 alio
698 1893 768 1944 3258
790 1891 854 1952 Quid
876 1889 1019 1959 Ptaessst'lbfll
1037 1889 1168 1942 llll¹¹²l⁶
1161 1907 1186 1940 ¹1¹

199 1983 271 2048 cpolim
284 1983 443 2044 transeunte,
456 1983 525 2033 illl.
535 1981 590 2032 tin'
584 1997 678 2049 uragu·
700 1989 758 2024 ⁰³⁸⁰
772 1970 879 2024 d¹ffi⁰¹l¹³
891 1973 984 2037 partus,
997 1970 1070 2022 3²59·
1084 1971 1186 2030 Ouidi
1167 1989 1186 2020 2¹

105 2077 108 2087 ’
199 2062 282 2114 laritas
309 2065 410 2116 tollatur
437 2081 480 2130 per
506 2064 674 2130 baptismum,
699 2049 1186 2120 Piffissssflssssm⁰¹l³l¹¹fi325⁹·A¹¹‘1¹¹¹ss

200 2143 677 2210 titt.ueirragutaritateeriteratione
699 2134 779 2184 varaia
805 2131 944 2200 baptismus
969 2131 995 2182 iu
1022 2145 1189 2198 quocumque

201 2223 328 2288 baptismi,
358 2225 439 2290 quoad
469 2223 675 2290 schepannim,
700 2215 810 2265 membro
823 2213 937 2275 collatus,
950 2218 974 2265 et
989 2226 1020 2262 aa
1033 2212 1058 2260 in
1072 2211 1188 2262 crinibus

200 2305 269 2356 1783.
290 2304 375 2364 Quoad
397 2305 585 2371 rebaptizatum,
605 2305 676 2354 1184.
701 2297 819 2354 collatos,
838 2296 878 2348 rel
890 2295 915 2345 in
935 2294 1095 2355 secundinis,
1112 2295 1187 2345 3360.

200 2386 236 2437 An
253 2386 391 2437 incurratur
402 2402 445 2454 per
462 2385 677 2452 rebaptizationem
700 2381 736 2430 bu
750 2379 821 2430 iic-eat
838 2377 960 2444 baptizare
979 2375 1100 2427 infantem
1118 2377 1189 2428 bresi

201 2467 380 2519 occultamnon
389 2467 533 2527 solemnem,
544 2465 679 2526 ttsepui-
701 2461 847 2512 moriturum
866 2459 929 2526 aque
941 2457 1022 2525 gelidi
1039 2473 1099 2508 cum
1119 2463 1190 2526 pari-

202 2563 257 2598 nam
271 2547 320 2598 sint
335 2547 436 2599 effectus
448 2547 522 2615 hujus
535 2545 679 2612 irregulari·
702 2543 758 2594 colo
782 2539 934 2592 accelerandi
955 2538 1032 2605 ipsius
1060 2547 1188 2600 mortem,

201 2630 266 2690 tatis,
279 2631 348 2681 ttae.
361 2632 396 2680 bn
408 2630 548 2682 incurratur
558 2629 680 2695 irregula-
702 2625 772 2676 3966.
786 2624 820 2674 Dc
832 2622 909 2673 iormt
923 2617 1050 2686 baptismi,
1062 2618 1138 2671 3268.
1152 2623 1189 2671 ,tn

202 2711 261 2761 ritas
273 2725 315 2777 per
323 2711 470 2776 baptismum
479 2713 525 2762 sub
539 2711 680 2762 conditione
703 2707 735 2758 sit
747 2704 841 2756 ualidus
860 2702 996 2769 baptismus
1009 2699 1119 2752 collatus
1133 2709 1190 2751 tan-

203 2792 329 2851 collatom,
342 2793 410 2842 titt.
424 2793 460 2842 bn
473 2793 620 2859 irregulares
632 2793 681 2844 sint
704 2789 754 2839 tim
781 2787 880 2838 nomine
898 2783 1001 2842 Christi,
1021 2782 1059 2833 vel
1084 2785 1190 2835 nomine

204 2871 244 2938 qui
257 2871 288 2921 ab
300 2870 421 2920 hereticis
434 2871 597 2936 baptizantur,
610 2873 679 2923 tiss.
704 2867 837 2929 Trinitatis,
849 2865 919 2926 3269,
931 2865 1000 2916 3275.
1015 2862 1080 2924 puio
1090 2864 1126 2914 sit
1140 2883 1191 2916 res·

205 2953 239 3003 bn
252 2967 295 3018 per
307 2950 453 3016 baptismum
467 2949 568 3000 tollatur
583 2951 681 3018 irregu-
705 2948 862 3019 pandendum
872 2945 950 2997 textui
959 2946 1011 2996 bct.
1020 2945 1108 3010 ilpost.
1120 2945 1155 3011 (e.
1166 2947 1189 3006 s,

204 3031 325 3083 laritasex
334 3028 510 3080 homicidiorel
519 3029 680 3092 mutilatione,
706 3049 728 3082 a.
750 3032 786 3094 ta)
808 3035 832 3080 at
852 3027 933 3078 verbis
955 3027 1025 3091 Papo
1044 3024 1145 3078 Nicolai
1166 3027 1190 3076 in

205 3113 275 3164 teas.
295 3114 330 3162 An
348 3109 449 3160 tollatur
467 3124 510 3175 per
532 3110 682 3175 baptismum
706 3112 864 3178 responsione
877 3109 959 3160 suiad
972 3105 1102 3172 bulgaros,
1116 3109 1189 3160 aeto.

206 3193 372 3260 irregularitas
385 3207 413 3242 ex
426 3190 547 3258 bigamiai,
562 3192 632 3243 1903.
646 3193 683 3242 tin
706 3196 741 3245 tin
753 3198 905 3258 etquatenus
913 3189 1073 3257 prohibeatur
1083 3191 1190 3242 mutatio

207 3277 341 3344 baptismus
354 3272 437 3325 ilaico
446 3273 556 3340 privatim
570 3273 682 3333 collatus,
707 3277 732 3327 in
751 3274 829 3324 sormi
848 3273 971 3338 baptismi,
989 3269 1143 3323 &ll-3275.
1159 3273 1190 3325 ile

208 3356 355 3424 reipublice
373 3355 402 3406 ab
416 3353 546 3412 haereticis,
559 3355 591 3404 sit
608 3352 684 3404 reite·
709 3357 820 3408 ministro
831 3355 954 3422 baptismi,
966 3353 1117 3405 atto-3293.
1130 3359 1190 3406 Ani

208 3439 317 3497 raudus,
340 3437 488 3489 stou-ates.
513 3435 576 3495 Quid
595 3441 687 3487 statuat
708 3439 903 3506 quovishomine
915 3435 1192 3502 baptismuspossitra-

210 3517 302 3569 Concil.
316 3517 434 3568 aeonion.
448 3516 509 3566 tots
520 3514 582 3565 circa
597 3515 688 3580 baptis·
709 3519 758 3570 lide
770 3519 890 3576 conferri,
912 3517 982 3570 3216.
994 3518 1030 3568 An
1043 3515 1121 3582 possit
1135 3520 1191 3584 quis

212 3593 687 3661 mumdomiprivatinrcollatum,3tbb.
709 3601 816 3666 seipsum
828 3601 964 3666 baptizare,
977 3598 1047 3650 sart,
1066 3599 1104 3650 An
1123 3599 1191 3652 nepa
