2572 4006
452 212 489 258 nr
507 211 690 258 viunnoense.
1007 195 1060 254 655

64 357 67 362 .
120 316 151 368 tlt
163 313 225 368 tredi
236 314 313 382 possit
323 313 407 379 regule
420 319 472 366 tute
484 316 515 366 ad
529 314 703 366 inveniendum
713 314 811 366 Festum
823 311 942 365 Pesebele
955 311 990 368 iet
1002 325 1058 361 eum

86 403 116 439 eo
138 393 225 438 cetere
242 386 302 438 leste
315 383 438 450 mobilia),
456 384 480 437 in
498 385 641 436 memoriam
660 385 825 436 revocandum
838 390 877 436 est
892 384 940 434 boe
959 383 1058 433 Festum

87 458 177 512 debere
198 455 318 509 eelebrsri
334 455 460 508 llominiei
483 456 618 522 proximibs
637 455 803 521 subsequente
819 453 983 520 plenilunium
996 453 1059 502 Pes·

88 529 165 589 ebele,
188 536 213 580 et
235 527 397 596 plenilunium
416 527 531 594 pasebnle
545 543 600 578 esse
617 526 678 578 illud
698 527 764 593 quod
779 524 867 577 inuidit
884 523 909 575 in
925 525 953 575 tl
969 523 1058 586 blertii,

88 601 124 652 vel
142 599 208 666 quod
228 599 307 666 primb
326 597 435 650 ooourrit
451 603 507 665 post
523 598 615 650 dicium
635 597 701 649 diem
717 597 745 647 21
767 596 860 659 blartii3
878 595 952 662 porrb
969 593 1059 646 limites

87 670 213 737 plenilunii
226 669 351 722 Pasebelis
360 677 418 722 sunt
430 667 530 722 interii
542 669 620 720 llartii
629 675 652 720 el
665 670 693 720 le
706 668 794 734 Aprilis
805 669 855 734 (25,
867 667 908 734 35)
933 670 959 718 et
969 665 1060 718 limites

87 743 162 809 ipsius
171 741 291 793 novilunii
299 748 358 793 sunt
368 741 433 793 inter
443 740 458 792 8
470 739 549 806 blerlii
560 748 583 792 et
595 743 610 792 5
621 739 710 807 Aprilis
722 739 779 806 (35).

118 837 156 886 bl.
174 837 208 886 nd
221 835 396 888 inveniendum
411 835 487 902 igitur
505 835 601 887 Festum
616 834 734 886 Pesobele
750 834 856 900 alienius
868 831 926 884 enni
941 833 991 884 due
1003 831 1061 898 dig·

88 907 211 958 noscenda
222 913 282 958 sunt
295 923 302 957 ε
314 921 404 974 nempe
415 905 509 958 lunatio
518 921 561 958 seu
573 905 736 974 plenilunium
747 905 874 967 Pssebele,
885 910 911 956 et
919 903 972 954 dies
980 903 1062 968 bonnis

88 980 142 1030 nica
155 977 265 1042 ejusdem
279 978 347 1028 anni.

126 1066 236 1118 Vidimus
248 1066 273 1117 in
286 1069 322 1118 ni·
335 1067 429 1134 (bi-bl)
441 1068 568 1134 monsedo
581 1066 693 1132 dignosci
708 1065 790 1116 velent
801 1064 880 1115 littera
893 1062 1060 1115 llominiealis.

119 1137 204 1196 Quoad
222 1143 305 1188 autem
318 1138 471 1190 lunationem
488 1137 637 1202 paschalem,
657 1137 781 1188 invenitur
793 1135 875 1187 medio
887 1133 984 1202 lipacius
1003 1133 1061 1184 enni

87 1209 119 1260 de
131 1223 180 1274 quo
193 1209 290 1273 egitur3
308 1225 351 1275 pro
364 1210 413 1275 qud
429 1209 568 1273 detegendi
589 1208 734 1259 tradidimus
754 1207 852 1272 regulas
868 1221 941 1271 supre
954 1205 1060 1270 (55-57).

85 1279 176 1344 Epaeta
197 1279 273 1339 enim,
292 1286 320 1330 ut
336 1279 451 1342 diximus,
465 1279 556 1330 indicet
568 1295 665 1346 semper
677 1285 738 1345 quot
749 1278 801 1330 dies
813 1278 871 1330 lune
882 1277 972 1328 hebeat
983 1275 1061 1341 primi

85 1351 127 1400 die
138 1351 257 1413 ianuarii,
271 1357 295 1402 et
307 1351 380 1402 etiarn
393 1352 470 1416 primi
484 1351 523 1401 die
537 1351 630 1410 barlin
644 1351 747 1414 proinde
760 1365 868 1417 quonum
883 1348 923 1398 die
936 1347 1015 1397 Martii
1028 1345 1061 1395 sit

85 1421 250 1474 novilunium.
274 1421 300 1474 Si
319 1438 378 1488 ergo
402 1438 433 1474 ex
458 1423 549 1488 lipeotb
578 1424 707 1488 detegatur
734 1420 888 1472 novilunium
916 1417 1064 1484 contingere

85 1492 201 1554 Silentii,
215 1492 377 1559 plenilunium
395 1493 478 1544 erit2l
498 1494 618 1559 ejusdem,
636 1492 722 1544 eterit
739 1490 902 1559 plenilunium
924 1489 1062 1555 paschale:

88 1563 180 1613 Pascha
198 1571 280 1614 autem
295 1565 343 1615 erit
356 1565 386 1615 ἥ
399 1564 478 1616 blartii
490 1565 528 1615 vel
541 1565 628 1616 diebus
639 1563 849 1630 subsequentibus
858 1559 1061 1628 proutindienbit

86 1633 167 1684 littere
180 1633 346 1684 Dnminiealis.

119 1719 145 1767 Si
156 1725 238 1770 autem
248 1735 277 1769 ex
291 1720 380 1784 lipreetd
396 1721 562 1785 comperiatur
574 1722 727 1772 novilunium
740 1722 853 1773 accidere
868 1724 926 1772 ente
942 1719 958 1769 8
972 1717 1061 1780 blertii,

88 1789 267 1854 expectandum
279 1790 325 1841 erit
338 1789 491 1840 novilunium
504 1791 658 1857 subsequens
675 1799 700 1843 et
712 1807 770 1843 easu
783 1809 832 1858 quo
845 1790 1000 1856 contingeret
1013 1795 1064 1839 ten·

90 1866 142 1910 tum
161 1861 286 1925 5bprilis.
306 1861 469 1928 plenilunium
494 1867 559 1913 esset
579 1864 698 1912 duntaxat
718 1863 749 1913 18
772 1862 869 1928 Aprilis,
889 1867 913 1912 et
936 1861 1063 1926 supposito

88 1933 155 1998 quiid
170 1930 248 1982 littere
259 1931 417 1984 bominicelis
430 1933 549 1984 incideret
562 1933 586 1983 in
600 1933 662 1984 bene
675 1933 788 1986 eumdem
802 1933 876 1994 diem,
886 1931 978 1981 Pascha
989 1929 1064 1980 dilie-

89 2001 165 2053 renda
188 2009 251 2054 esset
263 2005 293 2054 ad
311 2004 463 2056 llominioanv
477 2005 687 2072 subsequentem,
701 2019 790 2069 nempe
802 2004 835 2055 25
848 2001 953 2068 Aprilis,
968 2015 1013 2052 seu
1032 1999 1064 2050 ad

89 2073 154 2125 diem
164 2074 333 2126 remotiorem.

120 2155 192 2205 l'eslo
205 2153 316 2206 Pascbali
328 2157 506 2219 determinato,
520 2156 592 2209 senili
600 2156 761 2209 inveniuntur
769 2155 831 2208 leste
843 2153 944 2206 mobilis
956 2157 975 2204 ⁴.

120 2225 159 2276 68.
176 2223 214 2276 llll
228 2226 308 2278 lindio
319 2228 464 2292 Epantarnm
478 2227 582 2280 inveniri
596 2228 668 2280 etiem
681 2233 786 2296 possunt
797 2227 878 2279 omnia
892 2223 950 2275 enni
963 2223 1065 2275 novilu-

89 2297 138 2356 nio,
157 2300 182 2347 et
195 2297 297 2362 proinde
310 2297 392 2364 detegi
406 2305 554 2364 protestantes
567 2300 632 2352 lune
644 2300 670 2350 in
682 2299 795 2366 quolibet
806 2297 864 2350 anni
877 2297 926 2348 die.

122 2368 168 2418 Pro
180 2368 313 2419 noviluniis
326 2371 339 2419 e
353 2370 469 2420 memoria
483 2387 532 2422 non
545 2371 642 2422 excidet
654 2371 720 2438 qubd
740 2385 836 2423 meuses
854 2369 953 2420 lunnres
974 2365 1064 2418 lielen-

89 2439 150 2489 darii
162 2439 212 2488 sint
223 2439 360 2490 alternatim
372 2442 404 2491 30
422 2448 446 2492 et
458 2442 488 2493 29
499 2443 595 2493 dierum
606 2443 656 2508 (35)
669 2447 695 2494 et
706 2441 773 2508 qubd
786 2455 882 2493 manses
895 2439 994 2491 lunares
1008 2453 1065 2490 oen·

88 2509 158 2560 sendi
171 2511 221 2560 sint
231 2509 297 2560 illius
306 2513 363 2561 anni
374 2527 423 2578 quo
434 2511 563 2580 incipiunt.
590 2555 594 2564 .

120 2597 155 2648 ild
168 2597 331 2648 inveniendos
344 2605 426 2648 sutem
439 2598 491 2650 dies
504 2601 577 2660 lune,
591 2599 681 2652 additis
695 2599 768 2652 simul
782 2598 880 2666 lipeetis
891 2599 963 2660 vani,
978 2603 1004 2650 et
1014 2611 1064 2648 nu·-

91 2683 158 2720 mero
171 2667 235 2718 diem
249 2668 339 2719 mensis
359 2667 500 2730 indicante,
518 2670 648 2738 adjicietur
659 2671 741 2723 edbue
759 2686 824 2722 unus
845 2685 875 2722 ex
896 2669 1006 2722 numeris
1022 2683 1063 2720 se·

91 2735 238 2804 quentibus,
262 2744 385 2808 maleum
408 2741 543 2807 respondet
557 2743 635 2794 mensi
653 2743 686 2795 ed
704 2757 778 2812 quern
796 2741 902 2810 pertinet
912 2741 965 2794 dies
978 2740 1002 2792 in
1014 2755 1064 2808 quo

91 2809 208 2876 quaeritur
219 2807 284 2862 lune
294 2813 362 2862 etse.

121 2905 150 2956 lli
171 2906 267 2957 numeri
282 2915 341 2957 sunt
352 2923 396 2973 pro
408 2907 526 2962 ianuario
541 2909 567 2972 0,
581 2924 625 2976 pro
639 2909 773 2964 leomeris
785 2909 808 2972 l,
822 2925 867 2976 pro
879 2907 967 2960 liertio
978 2907 1007 2970 0;
1019 2924 1064 2976 pro

91 2977 164 3044 Aprili
182 2977 211 3037 l;
224 2993 268 3044 pvn
281 2977 344 3029 blain
360 2979 385 3040 23
399 2995 442 3046 pro
461 2980 535 3032 Junin
547 2981 579 3040 3;
595 2997 639 3048 pro
656 2981 723 3032 lulio
744 2981 776 3042 ὃς
793 2996 837 3048 pro
855 2982 966 3047 Augusto
978 2983 1006 3040 53
1020 2997 1063 3046 pro

91 3047 228 3114 Septembri
248 3048 272 3111 ’ῖς
284 3064 327 3116 pro
342 3047 442 3102 Octobri
465 3053 493 3113 ἲς
513 3067 557 3119 pro
570 3052 701 3105 Novembri
719 3053 748 3114 e;
768 3068 811 3120 pre
824 3051 979 3104 lleeembrill
994 3069 1000 3100 :
1018 3052 1063 3116 ipsi

92 3125 266 3184 representem
278 3136 408 3174 numerum
421 3123 516 3176 dierum
529 3123 571 3191 qui
582 3123 715 3192 ndjieiendi
726 3131 785 3176 sunt
796 3123 923 3176 mensibus
936 3121 1063 3174 lunaribus

93 3195 118 3238 ul
130 3190 260 3254 ndaequent
272 3206 367 3244 menses
380 3194 482 3248 solares.
661 3189 663 3196 ’

123 3281 211 3332 Tribus
228 3287 310 3362 autem
327 3286 416 3340 additis
429 3289 535 3356 prelatis
557 3292 664 3344 nurneriv
683 3297 762 3344 totum
781 3288 905 3342 dividetnr
918 3299 961 3354 per
979 3285 1019 3347 ³0,
1039 3291 1063 3338 et

92 3367 210 3402 numerus
234 3367 276 3418 qui
299 3366 411 3421 superest
431 3359 524 3412 indicet
534 3369 632 3415 etatem
644 3379 689 3414 seu
702 3363 765 3414 diem
784 3363 848 3412 lunae
862 3375 867 3411 :
882 3374 905 3410 u.
917 3373 943 3424 ε.
958 3355 979 3408 ei
990 3356 1063 3409 velim

121 3493 124 3518 ¹
139 3504 148 3529 ι
157 3487 205 3532 stre
214 3501 240 3533 ex
250 3489 333 3544 antiqui
342 3492 385 3535 sive
396 3495 448 3538 nove
457 3493 527 3538 tabrrll
538 3498 630 3551 penebell
639 3504 729 3552 utamur,
743 3497 865 3542 inveniende
874 3501 922 3540 sunt
930 3496 1000 3540 emnia
1009 3495 1062 3541 inste

94 3566 104 3596 r
118 3551 203 3594 mobilia
213 3551 233 3594 in
243 3552 303 3594 anniv
320 3551 460 3598 bissextilibus
471 3568 509 3610 per
519 3558 610 3601 litteram
621 3560 764 3604 dominicalem
782 3561 985 3615 posterioremque
1000 3559 1063 3602 nimi-

94 3626 105 3652 ·
120 3625 165 3656 rum
175 3613 238 3656 currit
248 3617 296 3668 pest
306 3613 382 3657 lestvrn
392 3616 414 3658 S,
424 3617 523 3660 llettbiu.
534 3631 545 3660 r
555 3619 723 3678 (Brevierlum,de
732 3624 802 3668 fretis
810 3623 943 3675 montium.)
