2548 3988
497 298 583 346 trena
603 299 735 346 samius.
1042 277 1098 342 aot

132 397 257 462 salubre
273 416 281 461 :
297 395 398 481 plures
421 395 590 476 alllrmant,
610 397 682 479 quia
702 393 874 458 resalutatto
887 399 932 458 est
945 389 1037 456 debiti
1051 409 1100 454 so-

132 487 202 552 lutio
216 505 285 571 quae
299 486 486 550 nonridetur
495 486 582 548 vetita
591 485 629 548 ab
641 485 789 562 Ecclesia;
806 481 1101 566 probabilibstaman

132 577 177 641 alii
193 581 319 659 negant,
341 595 391 658 ap.
406 577 438 639 S.
454 575 589 658 Lignea,
604 575 657 638 lib.
672 581 708 653 l,
723 585 758 636 n⁰
779 576 857 652 193,
881 572 953 655 quia
966 572 1044 634 siout
1056 576 1101 634 est

131 665 312 749 prohibitum
326 665 620 728 excommunicatum
634 664 779 740 salutare,
803 662 844 725 ita
863 669 893 726 et
905 663 1004 744 ipsum
1018 679 1101 722 resa·

132 755 243 833 lutare;
265 756 337 818 item
351 754 536 837 probabilius
552 760 597 817 est
610 753 692 836 qudd
714 771 776 815 non
789 751 878 814 liceat
890 749 1100 814 excommuni-

131 850 195 908 cato
221 845 416 908 rescribere:
441 863 503 907 non
530 850 631 906 autem
661 842 751 906 audet
777 842 809 904 S.
838 841 974 923 Lignea,
1001 837 1101 920 quoad

132 934 390 1010 resalutationcm‚
406 933 536 1016 primam
550 931 726 1015 opinionem
736 930 836 994 dicere
851 927 1099 1012 improbabilem,

131 1021 181 1086 sed
196 1023 268 1086 alias
282 1021 352 1085 huic
366 1023 472 1105 prima
489 1040 550 1085 non
564 1021 642 1084 valet
654 1021 845 1102 acquiescere
859 1017 959 1102 quoad
972 1017 1101 1100 rescrip-

131 1112 256 1176 tionem.

168 1204 258 1264 6547.
281 1200 397 1264 Dicitur
409 1205 441 1264 4⁰
458 1199 630 1262 Communia
645 1219 657 1260 .·
670 1201 732 1281 qua
746 1216 821 1262 voce
835 1196 1101 1280 comprehenditur

130 1291 229 1353 omnis
243 1296 426 1369 contractus,
442 1289 494 1372 qui
509 1295 623 1368 tamen,
636 1288 661 1351 si
676 1289 744 1366 liat,
760 1293 805 1350 est
815 1287 930 1350 validus
941 1333 950 1364 ‚
962 1285 1100 1367 nisiage-

130 1385 211 1443 retur
224 1379 262 1442 de
275 1385 453 1442 testamento
463 1378 589 1441 usurarii
602 1378 693 1440 :item
707 1375 898 1454 cohabitatio,
910 1376 1099 1458 cooperatio,

130 1469 254 1532 societas
269 1487 277 1530 τ
293 1466 375 1532 unde
390 1486 452 1530 non
466 1467 535 1530 licet
547 1485 618 1531 cum
630 1466 892 1530 excommunicato
904 1463 1100 1542 collaborare,

130 1557 244 1636 sedare,
260 1558 317 1620 sub
330 1556 439 1620 eodem
451 1562 530 1619 tecto
543 1559 652 1634 vivere,
664 1554 815 1631 dormire3
831 1553 1100 1637 intelligepermo·

129 1644 202 1708 dum
213 1645 361 1709 societatis
374 1665 380 1706 :
392 1663 464 1708 nam
474 1645 585 1708 cubare
595 1645 713 1708 tantum
723 1643 998 1725 adquiescendum,
1010 1643 1101 1705 etiam

128 1733 161 1796 in
174 1735 282 1799 eodem
302 1735 397 1813 lecto,
413 1733 606 1816 probabiliter
620 1753 683 1797 non
697 1739 743 1796 est
756 1733 890 1796 vetitum.
906 1734 948 1812 (S.
964 1733 1099 1814 Lignea,

128 1823 181 1887 lib.
197 1828 231 1900 7,
252 1827 383 1904 110194.)

167 1915 256 1976 tata.
279 1911 393 1976 Dicitur
414 1917 447 1976 5⁰
467 1913 569 1977 Merca
587 1931 666 1994 :per
688 1929 781 1994 quam
804 1910 979 1992 intelligitur
1001 1912 1102 1975 omnis

128 2003 282 2066 convictus
306 2021 360 2084 per
374 2003 500 2066 modum
524 2000 696 2064 societatis:
720 2000 801 2064 unde
822 2000 973 2062 nonlicet
994 2018 1101 2082 accep·

128 2096 191 2153 tare
205 2091 376 2155 convivium
390 2091 428 2154 ab
442 2089 714 2168 excommunicato,
730 2107 787 2152 nec
799 2089 890 2150 vitam
904 2107 1101 2152 communem

127 2199 216 2262 agere
229 2198 301 2244 cum
315 2200 368 2258 eo,
388 2179 443 2243 etsi
466 2199 529 2242 nou
546 2178 638 2242 iidem
656 2179 715 2242 cibi
730 2177 901 2256 ederentur,
921 2178 963 2241 uti
982 2180 1101 2243 evenire

126 2271 202 2333 solet
216 2270 246 2332 in
260 2270 461 2348 monasteriis,
474 2269 664 2347 seminariis,
679 2274 752 2348 etc,
767 2267 819 2330 ubi
836 2268 973 2351 quamvis
986 2268 1046 2330 sint
1055 2269 1100 2329 di-

125 2378 220 2422 versae
243 2377 376 2438 mensae,
392 2377 501 2422 omnes
524 2365 625 2421 tamen
643 2365 807 2422 censentur
828 2358 1101 2421 communicarem

126 2447 234 2512 eadem
248 2448 425 2522 relectione;
447 2448 527 2532 idem
549 2455 593 2511 est
605 2447 770 2511 dicendum
789 2448 910 2530 quando
930 2447 1103 2510 multisunt

126 2538 240 2600 inritati
261 2537 299 2599 ab
316 2539 579 2600 excommunicato
593 2543 623 2599 st
644 2537 675 2598 in
695 2535 802 2598 eodem
816 2535 955 2598 eubiculo
974 2555 1101 2600 accum-

125 2627 219 2704 bunt,
239 2626 307 2688 licet
327 2627 359 2687 in
383 2625 496 2688 mensis
512 2625 660 2688 diversis:
683 2643 771 2688 secus
792 2631 870 2687 esset
886 2623 1050 2690 dicendum
1076 2629 1100 2691 si

124 2735 241 2780 mensae
264 2733 325 2778 non
349 2721 449 2778 essent
475 2715 507 2776 in
535 2713 643 2778 eodem
671 2713 831 2786 eubiculo;
855 2713 901 2776 vel
924 2715 950 2777 si
977 2718 1045 2799 quis
1070 2719 1099 2781 in

124 2804 234 2868 eadem
258 2802 383 2886 quidem
417 2805 522 2867 mensa
549 2802 766 2881 accumberet,
801 2802 855 2865 sed
881 2802 912 2865 in
938 2803 1101 2868 diversorio

123 2895 179 2958 ubi
211 2893 422 2976 unusquisque
451 2893 551 2956 solum
582 2893 639 2956 sibi
671 2891 866 2972 intenderet,
902 2893 950 2956 vel
978 2897 1002 2956 si
1030 2915 1101 2959 casn

123 2982 354 3135 ppeippcideret
377 2983 409 3046 in
433 2983 540 3046 itinere
566 2989 619 3046 aut
641 2982 737 3047 aliter.
760 2983 793 3045 S.
813 2981 954 3066 Lignea,
985 2983 1036 3048 ttb.
1062 2991 1100 3066 l,

167 3161 266 3222 Etiam
276 3161 531 3226 excommunicati
544 3161 656 3224 debent
669 3179 702 3224 se
716 3162 845 3226 invicem
857 3159 965 3238 vitare,
979 3158 1100 3241 quando

121 3255 200 3337 sunt
213 3249 333 3315 vitandi.
358 3252 532 3333 (Stremler‚
547 3251 605 3314 Des
622 3250 725 3314 Peiaes
736 3252 849 3328 accida,
860 3270 892 3333 p.
907 3253 967 3314 283
979 3253 1100 3330 esaar.)

166 3343 256 3404 6549.
280 3341 403 3414 Ouaerit.
416 3343 449 3403 t⁰
462 3339 555 3414 Quale
569 3339 607 3403 sit
620 3348 778 3424 peecatum
787 3339 1015 3405 communicare
1030 3357 1100 3402 oum

119 3431 390 3495 excommunicato
403 3430 550 3496 vitando?

165 3523 258 3603 Resp.
274 3522 436 3584 Peccatum
454 3537 521 3583 esse
539 3521 665 3584 mortale
684 3541 693 3584 r
710 3521 741 3585 l·
759 3521 785 3586 si
798 3519 1034 3585 communicatio
1048 3519 1101 3583 liat

119 3609 158 3674 ἐπ
175 3609 300 3688 divinis,
323 3617 352 3672 et
367 3627 429 3671 non
452 3615 575 3672 excuset
594 3611 723 3693 parvitas
742 3611 899 3674 materiae
918 3608 986 3674 vide
1007 3628 1101 3691 supra

118 3699 241 3780 (libain
257 3702 288 3760 2⁰
303 3697 326 3760 si
349 3697 585 3771 communicatio
598 3698 651 3760 liat
668 3699 837 3762 incrimine
856 3699 1030 3777 marinaeo,
1045 3717 1097 3760 scr
