2526 3988
175 196 214 258 50
392 202 530 251 EANUALE
549 202 649 248 tortus
668 201 750 247 suuis
773 200 921 248 CANONlGl.

215 307 304 366 5600.
327 303 360 365 ln
378 299 498 364 seeundo
518 319 599 377 coru,
615 299 639 360 si
653 302 759 380 agatur
773 296 812 360 de
833 297 931 359 causis
946 294 1151 378 spiritualibus

176 392 222 456 rel
236 390 440 474 spiritualibus
459 387 619 464 connexis,
635 393 750 450 certum
770 391 817 448 est
836 403 970 448 minores
990 401 1080 466 posse
1099 401 1153 464 per

177 482 308 563 seipsos,
323 479 368 543 vel
382 497 437 562 per
450 481 676 560 procuratorem
696 477 715 538 a
728 493 761 538 se
781 474 978 538 constitutum
992 471 1153 536 conuenire

178 570 223 632 rel
237 569 390 632 conveniri
410 567 524 650 absque
544 569 694 630 curatore.
716 565 894 627 constater
919 561 1029 626 eudem
1042 564 1153 624 Decre-

180 658 230 722 tali
246 656 392 720 Bonilacii
407 655 520 719 vulsi
533 674 652 717 anuum.

220 745 251 810 Si
265 747 337 810 verb
350 751 455 828 agatur
467 745 505 808 de
517 743 615 808 causis
628 742 844 826 temporalibus
861 759 931 824 qnae
948 761 987 806 ex
999 739 1156 824 privilegio

181 837 236 899 lori
260 853 363 899 eoram
387 835 490 916 judice
516 832 715 896 ecclesiastico
735 830 933 908 ventilantur,
959 830 1094 894 minores
1119 835 1157 894 25

181 927 269 988 annis
283 925 419 1007 indigent
432 929 569 987 curatore
581 928 613 985 ut
625 920 740 1004 possint
754 920 785 982 in
796 920 911 1001 judicio
925 927 1025 984 stare:
1041 920 1083 982 ita
1094 919 1157 984 dis-

182 1015 267 1098 ponit
280 1015 326 1078 lex
341 1014 509 1077 iustiniana
522 1012 560 1074 ab
572 1011 705 1074 Ecclesia
719 1009 751 1072 in
765 1009 823 1072 lroc
837 1016 955 1091 recepta
967 1030 975 1087 ;
991 1009 1046 1072 sed
1056 1009 1158 1091 plures

183 1123 270 1166 casus
284 1109 354 1166 sunt
367 1100 534 1182 excipiendi
548 1147 555 1176 ,
571 1101 632 1163 sive
646 1117 684 1162 ex
697 1099 832 1181 legitima
850 1097 1082 1176 cousuetudine,
1096 1100 1160 1162 sive

183 1190 324 1272 peculiari
339 1195 464 1267 statuto,
475 1193 527 1250 aut
535 1187 593 1250 alia
607 1207 643 1251 ex
654 1192 754 1251 causa.
771 1187 846 1250 Vide
853 1187 950 1250 Bouix
960 1187 1067 1270 (ib.,p.
1078 1191 1157 1266 tre).

223 1283 311 1343 5601.
323 1313 363 1326 -
375 1281 407 1340 3ο
421 1278 506 1340 Circa
526 1277 653 1340 feminas
667 1277 710 1339 sic
733 1276 823 1338 babet
845 1275 991 1358 legislatio
1005 1276 1162 1340 ecclesias

185 1370 262 1430 tica:
278 1369 368 1430 etiam
384 1367 607 1430 consentientes
620 1365 652 1428 in
673 1365 757 1428 nullo
770 1383 841 1427 casu
856 1365 997 1428 mulieres
1011 1363 1162 1446 religiosae

187 1463 311 1537 possunt
323 1456 518 1538 personaliter
526 1462 603 1517 stare
618 1455 649 1516 in
658 1453 787 1534 judicic,
803 1459 832 1515 et
843 1453 902 1516 hoc
916 1453 1039 1537 intelligi
1054 1453 1160 1531 debet,

186 1545 276 1606 otiam
289 1544 327 1606 de
349 1544 495 1626 religiosis
516 1563 584 1627 quae
604 1542 753 1606 clausurae
774 1560 835 1604 non
858 1541 1038 1606 subduntur.
1056 1544 1162 1616 Quoad

187 1638 288 1694 autem
301 1639 424 1694 caeteras
433 1633 585 1710 mulieres
596 1632 628 1693 in
642 1632 740 1694 causis
753 1630 889 1695 civilibus
905 1651 966 1694 non
976 1639 1047 1694 sunt
1061 1651 1164 1715 perso

189 1721 293 1783 naliter
306 1721 457 1784 trahendae
467 1721 564 1784 iuritae
574 1721 783 1800 adjudicium;
797 1721 822 1782 si
836 1728 938 1784 minen
948 1721 1057 1800 velint,
1072 1741 1163 1804 agere

187 1809 407 1892 etrespondere
420 1815 564 1893 possunt:
579 1810 610 1871 in
625 1809 832 1872 criminalibus
844 1817 944 1873 autem
959 1829 1021 1872 non
1035 1811 1164 1893 quidem

192 1899 401 1979 permittuntur
413 1897 609 1982 personaliter
620 1917 710 1980 agere
722 1897 768 1962 vel
778 1917 930 1978 accusare,
941 1899 999 1961 nisi
1014 1917 1102 1962 suam
1116 1902 1163 1963 rel

189 2007 313 2052 suorum
328 1989 469 2070 injuriam
485 1995 714 2070 prosequantur,
724 1993 776 2050 aut
789 1987 910 2070 publica
923 1988 1035 2050 utilitas
1049 1989 1080 2050 id
1090 2009 1165 2070 pos·

189 2077 278 2153 tutet,
293 2085 345 2140 aut
358 2097 447 2140 eausa
459 2080 523 2157 cius
537 2077 655 2158 generis
669 2077 707 2138 sit
721 2083 753 2138 ut
767 2077 955 2158 corporalem
969 2079 1164 2159 praesentiam

189 2166 450 2246 exigerevideatur
464 2166 560 2242 (Card.
574 2165 685 2245 Soglia,
701 2165 775 2227 lost.
787 2165 854 2247 jur.
864 2165 958 2246 prio,
973 2165 1073 2246 §aaut
1087 2187 1095 2243 ;
1110 2171 1165 2230 scd

191 2253 214 2313 si
241 2254 367 2333 alicujus
384 2255 492 2314 atrocis
513 2253 648 2316 criminis
672 2271 732 2316 reae
751 2255 827 2333 sint,
847 2253 947 2316 invitm
969 2255 999 2316 in
1014 2255 1165 2334 judicium

190 2340 267 2402 trahi
291 2349 426 2423 possunt.
455 2343 527 2414 Quae
554 2341 655 2404 omnia
683 2347 822 2405 constant
854 2345 920 2405 tirm
952 2361 990 2406 ex
1017 2345 1165 2408 Decretali

191 2429 331 2492 Mulieres
343 2435 373 2510 Ξ),
388 2430 423 2492 de
436 2431 574 2508 ludicris,
589 2431 621 2492 in
630 2434 679 2508 6⁰;
695 2437 760 2494 tum
770 2450 808 2494 ex
819 2432 886 2512 jure
898 2433 1067 2497 lustiniano
1081 2435 1165 2518 quod

192 2517 361 2583 Bonilacius
383 2522 448 2582 Vlll
461 2522 492 2583 in
513 2520 591 2583 dicta
612 2520 755 2583 Deoretali
772 2521 959 2602 praeservavit
979 2521 1026 2585 his
1046 2525 1163 2588 verbis:

191 2608 315 2670 autolio
328 2609 458 2693 quolibet
470 2629 536 2693 quac
548 2610 660 2691 injure
673 2629 729 2670 noa
739 2611 931 2692 obprimitur.

232 2699 404 2759 auca-4⁰
418 2701 460 2760 lle
474 2697 741 2762 excommunicatis
755 2701 911 2781 sequentia
925 2707 995 2764 sunt
1011 2703 1165 2768 tenenda:

193 2788 222 2851 1⁰
235 2785 349 2848 vitandi
361 2803 415 2849 seu
429 2785 548 2868 publice
566 2787 732 2849 denuntiati
747 2805 807 2851 non
823 2796 948 2870 possunt
968 2809 1034 2855 esse
1055 2803 1166 2858 actores

192 2875 328 2958 quamvis
341 2876 458 2958 possint
469 2893 535 2938 esse
544 2877 600 2939 rei.
611 2876 685 2939 Vide
695 2895 763 2959 cap.
774 2877 986 2960 Exceptionem
997 2885 1045 2958 la,
1058 2883 1104 2945 tit.
1114 2889 1164 2964 25,

192 2965 244 3028 lib.
261 2966 409 3027 2Dccret.
422 2964 508 3038 Oucd
522 2966 698 3048 intelligitur
707 2963 845 3029 etiamne
859 2968 1059 3034 tribunalibus
1069 2991 1169 3039 saecu.

193 3055 315 3130 laribus,
323 3055 407 3134 juxta
418 3074 484 3138 cap.
496 3056 720 3134 Dererminua'l,
730 3054 766 3118 de
776 3063 898 3120 sentent.
911 3077 1064 3140 excomm,
1076 3063 1107 3124 in
1122 3068 1164 3138 6⁰,

192 3143 367 3208 ubidicitur
383 3162 392 3206 a
416 3147 641 3209 chcernimus
654 3150 689 3207 ut
708 3143 827 3225 judices
849 3147 1008 3210 saculares
1022 3167 1077 3231 per
1094 3171 1167 3215 cen-

193 3257 209 3294 n
233 3253 334 3297 suram
344 3233 575 3298 ecclesiasticam
585 3235 623 3297 ab
632 3233 839 3298 ecclesiasticis
845 3236 999 3317 iudicibus
1010 3238 1167 3318 (canonica

193 3325 398 3387 »monitione
432 3325 603 3406 premissa)
639 3323 784 3406 repellere
821 3326 1100 3393 excommunicatos
1130 3332 1168 3394 ab

189 3431 202 3464 s
219 3409 351 3486 agendo,
368 3406 595 3488 patrocinando
612 3407 865 3487 enucleando,
881 3411 913 3472 in
931 3413 995 3473 suis
1027 3413 1125 3476 curiis
1138 3423 1168 3475 et

75 3537 76 3540 =
189 3519 200 3554 ι
223 3493 634 3576 judiciiscompellantur.2

22 3613 41 3690 :⁴
66 3583 83 3646 .'
129 3583 133 3586 ’
225 3577 631 3655 ttol.tlnldumcerursunt
643 3581 833 3664 excipiendi,
849 3584 995 3652 uidelicet
1009 3587 1170 3656 siarcum·
