2452 3984
393 321 480 369 nram
499 321 631 368 rannus.
937 308 996 370 225

51 426 149 482 atrato
172 431 191 485 a
213 419 346 504 parocho
370 419 417 484 vel
440 420 615 503 presbytero
632 420 732 500 jurato
751 424 842 492 aoth
866 423 997 505 parocho

50 531 62 564 n
82 510 193 572 intruso.
344 570 348 579 ,

81 621 93 656 a
114 599 175 660 Non
190 599 279 662 licere
288 597 466 664 mulieribus
479 605 547 681 post
555 606 715 684 partumse
724 607 886 682 presentes
894 603 997 664 sistere

51 709 62 745 ι
80 688 198 767 parocho
212 696 263 751 aut
276 689 452 771 presbytero
463 689 574 767 jurato.

69 795 93 832 va
113 775 174 838 Non
188 795 252 840 esse
266 776 498 860 improbandam
512 778 659 840 rationem
673 795 765 861 quam
779 777 910 840 inierunt
925 797 999 840 non·

51 863 143 925 rnulli
164 866 308 929 Gallicani
330 865 493 943 Prarsules,
518 867 570 947 qui
594 867 627 928 in
649 867 775 930 articulo
797 866 842 928 vel
866 867 999 947 periculo

51 973 63 1008 l
81 954 173 1016 mortis
185 955 371 1037 poenitentiae
384 961 607 1016 sacramentum
621 957 639 1016 a
653 954 859 1018 sacerdotibus
873 955 998 1034 juratis,

51 1044 205 1106 nacoliam
226 1043 399 1125 bparochis
414 1043 536 1105 intrusis
557 1043 650 1125 recipi
669 1061 757 1124 posse
777 1044 998 1124 permiserunt,

52 1149 62 1184 a
81 1127 225 1194 deliciante
248 1131 357 1214 quovis
379 1131 437 1194 alio
455 1130 610 1193 sacerdote
630 1131 789 1194 catholico.
813 1134 1000 1214 Nonautenr

52 1217 159 1282 »licere
190 1221 414 1283 absolutionem
442 1226 473 1282 et
496 1223 763 1297 communionem,
789 1221 999 1303 ·quovis·anni

52 1328 63 1362 r
81 1312 220 1390 tempore,
235 1309 405 1392 praesertim
420 1315 555 1389 tempore
570 1309 712 1390 paschali,
728 1308 889 1390 hparocho
900 1310 1000 1389 jurato
1015 1327 1018 1332 ·
1038 1325 1042 1333 ·
1074 1313 1087 1336 ·'
1177 1267 1184 1278 -

53 1417 64 1450 a
173 1445 180 1460 .

83 1403 176 1548 Ἧι
190 1487 281 1551 licere
304 1487 471 1569 parochum
482 1487 616 1565 juratum
630 1487 712 1550 adire
727 1505 783 1570 pro
796 1485 998 1549 matrimonio.

83 1595 96 1632 a
116 1576 224 1640 Fideles
238 1587 342 1659 genua
351 1575 470 1638 lleclere
483 1575 593 1638 dehere
606 1593 710 1640 coram
723 1575 828 1638 hostiis
841 1593 998 1638 consecra-

54 1681 66 1718 ι
84 1663 131 1740 lis,
144 1667 231 1728 etiam
244 1666 284 1728 ab
298 1665 423 1726 intrusis
439 1684 447 1726 :
467 1683 506 1727 ne
519 1666 589 1728 verb
603 1667 635 1727 in
649 1664 798 1744 ejusmodi
812 1664 896 1727 cultu
909 1683 1001 1747 praes-

56 1771 67 1804 r
86 1752 163 1816 lando
177 1755 351 1818 immiscere
364 1771 397 1816 se
410 1753 567 1815 videantur
580 1772 651 1816 cum
664 1753 881 1831 schismaticis,
896 1771 1004 1815 curan·
1111 1765 1118 1774 ‘

56 1839 147 1901 idum
171 1861 235 1906 esse
258 1841 402 1905 fidelibus
427 1847 461 1904 ut
484 1841 636 1906 declinent
662 1842 835 1904 occasiones
860 1845 1003 1904 occursus

57 1929 333 1996 »schismaticorum
353 1932 424 1992 cum
445 1936 668 1992 sacramentum
689 1928 874 1991 deferunt.»
902 1929 1002 1994 Videri

58 2015 126 2078 eliam
136 2017 1002 2102 potest(ap.Giraldum,Eepositiojcr.pontificii,parsl,

58 2101 119 2168 tho
132 2109 256 2183 haeret..
275 2114 351 2171 sect.
367 2109 441 2188 826)
456 2107 613 2170 instructio
624 2105 694 2168 data
707 2123 788 2169 anno
798 2109 876 2168 irre
891 2106 1005 2170 missio

59 2195 130 2256 nariis
147 2199 287 2260 Orientis

88 2287 163 2347 llllh.
185 2286 414 2350 Observandum
435 2291 480 2348 est
500 2285 583 2368 qudd
603 2302 665 2346 non
683 2283 741 2346 luit
762 2283 945 2366 prohibitum
967 2303 1005 2348 ne

58 2373 202 2439 sacerdotes
215 2376 354 2440 catholici
368 2374 555 2436 celebrarent
568 2391 652 2436 sacra
666 2373 807 2454 mysteria
821 2373 851 2434 in
872 2373 1006 2436 ecclesiis

58 2477 111 2537 quc
128 2465 143 2524 h
161 2466 320 2528 schismate
342 2463 503 2546 profanatae
523 2462 627 2540 fuere,
642 2462 715 2542 quia
738 2478 791 2541 per
813 2461 871 2522 tole
890 2462 1005 2522 crimen

59 2551 149 2630 temple
162 2573 222 2616 non
235 2553 465 2636 polluuntur.V.
481 2569 530 2634 ap.
540 2553 683 2631 Loqueux
696 2551 740 2628 (ηο
756 2550 849 2624 1366,
863 2551 894 2610 3¹
909 2547 1004 2628 edit).

89 2644 166 2704 othl.
189 2645 280 2706 Extra
294 2641 482 2724 supradictos
504 2658 591 2702 casus
604 2641 724 2720 (olel),
746 2635 837 2718 aliqui
851 2644 1007 2702 autumant

59 2733 343 2796 communicationem
355 2747 426 2794 cum
440 2728 606 2805 hereticis,
621 2731 820 2789 concurrente
834 2727 1007 2808 gravissima

60 2821 149 2895 unsa,
168 2819 281 2884 licitam
308 2837 391 2897 esse,
417 2819 506 2880 etiam
529 2818 559 2880 in
583 2817 674 2880 rebus
693 2815 821 2894 divinis,
846 2819 1007 2898 suppositis

60 2903 142 2966 terren
156 2907 336 2989 quibusdam
349 2905 572 2970 conditionibus
595 2925 603 2967 :
623 2905 739 2968 «Haud
763 2905 904 2986 equidem
925 2908 1008 2990 igno-

62 3009 198 3074 rramus,
219 2997 262 3060 ait
285 2995 397 3059 Bened.
422 2997 486 3058 XIV
511 2995 567 3073 (De
589 2994 680 3076 Sym,
705 2994 756 3055 lib.
773 2999 809 3072 6,
833 3013 862 3058 c.
885 3000 930 3074 5),
947 3015 1008 3059 nort

54 3095 74 3131 >r
91 3079 184 3146 deesse
196 3085 353 3167 theologos
372 3085 411 3146 ab
431 3084 515 3146 omni
538 3082 627 3165 culpe
644 3083 830 3146 absolventes
848 3084 1009 3147 catholicos

35 3227 36 3234 ,
62 3169 136 3246 »qul
158 3190 226 3235 cum
254 3173 401 3236 haereticis
424 3177 455 3234 et
477 3171 692 3250 schismaticis,
718 3173 924 3235 nominatione
947 3191 1009 3234 non

35 3247 36 3298 l
62 3271 73 3305 r
92 3253 274 3341 denuntiatis,
288 3261 517 3324 communicant
529 3261 561 3322 in
573 3259 692 3338 divinis,
705 3267 795 3342 atque
806 3261 896 3321 etiam
911 3279 1009 3322 sacra-

63 3360 74 3394 t
93 3355 184 3409 menta
196 3349 234 3412 ab
247 3351 354 3413 iisdem
369 3350 536 3431 recipiunt,
550 3349 717 3412 dummodo
731 3350 777 3412 hae
787 3349 875 3411 simul
887 3366 1011 3411 concur·

63 3449 74 3484 o
94 3441 155 3495 rant
166 3437 396 3502 circumstantiae
412 3459 420 3500 τ
438 3444 467 3501 1⁰
482 3445 553 3501 ut...
570 3438 669 3520 adigat
680 3438 890 3520 gravissimaet
904 3456 1011 3520 urgen-

65 3539 76 3574 a
95 3521 198 3586 tissima
216 3547 324 3607 causa3
340 3533 372 3590 2⁰
384 3533 418 3591 ut
437 3527 568 3590 haeretici
590 3535 641 3590 aut
658 3525 855 3599 schismatici,
870 3527 887 3587 d
901 3529 1012 3609 quibus

65 3621 269 3678 »momento
290 3625 478 3698 exposcunt,
502 3618 564 3679 sint
585 3615 682 3678 valide
704 3613 856 3685 ordinati,·
877 3623 907 3679 et
928 3635 1013 3682 sacra

67 3712 79 3749 t
98 3697 292 3768 administrent
304 3705 364 3768 ritu
377 3705 540 3785 catholico,
555 3703 671 3783 absque
683 3701 745 3764 ulta
766 3699 950 3768 admixtione
971 3707 1012 3765 ri·

845 3805 864 3862 'l
