2548 3988
465 341 550 387 emen
569 341 701 387 rsurrns.
1015 307 1082 386 stt

105 435 139 498 de
155 443 279 499 sentent.
295 457 448 516 excomm,
469 439 501 500 in
521 441 564 515 6⁰,
580 437 778 501 ubidicitur:
799 437 970 520 «Quisquis
983 435 1076 520 igitur

104 547 120 586 a
145 529 388 591 excommunicat
401 527 547 609 (intellige
559 547 612 609 per
625 527 821 609 sententiam)
834 527 1073 592 excommunica·

106 636 120 674 s
144 615 261 678 tionem
280 616 311 679 in
336 616 453 699 scriptis
471 616 617 699 proteret,
636 621 666 680 et
685 635 808 680 causam
828 615 1074 680 excommunica·

103 723 120 764 r
144 703 234 767 tionis
247 707 388 787 expresse
401 705 607 768 conscribat...
623 705 803 788 Exemplum
817 706 888 768 verd
901 703 1073 784 hujusmodi

104 814 119 852 s
145 793 301 876 scripture
314 801 452 858 teneatur
469 795 729 858 excommunicato
748 794 866 857 tradere
887 794 965 856 iutra
987 811 1073 856 men·

105 903 120 944 s
145 884 255 946 semsi
281 883 370 947 luerit
391 883 576 966 requisitusr
596 900 686 965 super
708 884 769 965 qua
791 883 987 965 requisitione
1006 881 1074 948 fieri

104 993 120 1032 a
145 971 284 1036 volumus
307 970 462 1055 publicum
482 973 736 1050 instrumentum,
754 971 801 1035 vel
814 971 926 1034 litteras
940 971 1073 1034 testimo·

103 1083 121 1120 a
146 1060 241 1124 niales
255 1059 381 1140 eculici,
396 1059 493 1144 sigillo
506 1061 679 1124 authentico
687 1061 877 1142 consignatas
890 1071 942 1124 ⁴.»

144 1151 252 1214 Postea
272 1150 390 1214 additur
411 1169 420 1213 ε
445 1151 509 1213 «Si
528 1153 597 1233 quis
616 1155 718 1214 autem
739 1149 877 1231 judicum
899 1148 1073 1230 hujusmodi

104 1261 121 1300 a
144 1238 372 1308 constitutionis
384 1240 562 1304 temerarius
575 1239 703 1304 extiterit
714 1239 853 1318 violator,
868 1258 922 1322 per
936 1257 1073 1302 mensem

104 1348 120 1388 a
144 1347 242 1392 unum
254 1329 292 1392 eb
306 1330 446 1412 ingressu
459 1329 594 1393 ecclesie
614 1336 645 1392 et
657 1328 766 1391 divinis
780 1328 884 1392 officiis
905 1328 1020 1391 noverit
1041 1345 1073 1392 se

104 1439 120 1478 s
144 1435 363 1500 suspensum...
379 1417 488 1482 Ethsec
499 1419 604 1481 eadem
615 1419 646 1480 in
662 1418 868 1500 suspensionis
881 1423 912 1504 et
925 1416 1072 1480 interdicti

105 1528 121 1568 a
145 1508 301 1571 sententiis
313 1507 452 1572 volumus
460 1508 649 1571 observari.»
663 1509 789 1590 Insuper
800 1525 869 1570 reus
882 1511 927 1570 est
935 1507 1073 1590 protinus

106 1599 265 1660 dcensurt
277 1597 475 1661 absolvendus
495 1618 502 1660 :
524 1597 593 1661 etsi
611 1597 643 1660 in
658 1613 779 1677 mense,
793 1597 824 1658 in
842 1614 904 1678 quo
915 1595 980 1678 ipso
994 1595 1072 1660 iacto

105 1684 145 1749 ab
157 1685 256 1748 officio
270 1692 299 1748 et
315 1686 454 1768 ingressu
469 1686 602 1750 eeclesiae
619 1703 782 1767 suspensus
793 1691 849 1763 cst,
862 1684 953 1764 judex
969 1685 1004 1747 iis
1019 1703 1072 1764 per

105 1775 277 1839 functiones
296 1793 396 1839 sacras
415 1794 447 1840 se
467 1775 643 1858 ingesserit,
664 1773 914 1856 irregularitatem
934 1774 1070 1838 incurrit.

105 1863 243 1947 Denique
256 1864 336 1928 idem
350 1865 444 1946 judex
463 1871 583 1928 tenetur
604 1863 717 1926 solvere
737 1879 883 1944 expensas
900 1880 1023 1941 omnes,
1043 1871 1072 1928 el
1132 1871 1136 1877 '

106 1953 178 2017 alias
203 1954 325 2017 arbitrio
350 1953 461 2033 iudicis
486 1968 591 2036 poenus
612 1953 741 2016 subire:
769 1969 805 2014 ex
833 1951 943 2033 quibus
969 1951 1071 2015 inlerri

104 2042 364 2107 manifestedebet
375 2042 509 2123 judicem
533 2042 695 2106 mortaliter
709 2057 850 2124 peccare,
878 2040 1009 2122 aliquem
1034 2063 1072 2108 ex

104 2133 194 2197 dictis
207 2133 446 2196 solemnitatibus
458 2130 634 2196 omittendo.
651 2132 683 2194 S.
698 2131 833 2214 lignos,
849 2129 901 2192 lib.
917 2135 957 2209 7,
974 2133 1007 2194 n⁰
1020 2138 1070 2199 60.

145 2225 235 2286 title.
257 2221 403 2284 omittens
421 2220 516 2284 dictus
529 2220 732 2284 solemnitates
753 2237 790 2283 ex
811 2221 903 2284 coust
929 2225 1070 2306 urgenti,

106 2330 211 2396 poenas
220 2329 282 2375 non
296 2309 439 2387 incurrit,
454 2311 525 2374 edm
539 2309 674 2372 dicatur:
689 2308 728 2372 Si
739 2310 805 2391 quis
815 2311 1006 2387 tesserarium·
1015 2331 1072 2380 nec

106 2401 132 2464 si
144 2401 210 2484 quis
220 2401 338 2464 omittet
349 2417 385 2460 ex
396 2399 579 2481 ignorantie,
594 2399 663 2461 lieet
677 2398 767 2461 luerit
779 2417 878 2461 crasse
894 2418 902 2462 ε
919 2418 975 2462 nec
987 2401 1072 2484 Epis·

106 2509 220 2574 copus,
235 2490 305 2572 quis
326 2505 363 2551 ex
377 2506 443 2570 cup.
461 2487 536 2564 Ouia
546 2487 756 2570 periculosum,
771 2485 806 2550 de
821 2497 895 2552 sent
916 2508 1070 2572 eucomm,

106 2581 139 2642 in
151 2584 195 2657 θ’,
210 2576 338 2661 quando,
355 2576 453 2658 agitur·
472 2576 510 2640 de
530 2577 627 2659 poenis
649 2576 855 2658 suspensionis
876 2584 906 2640 et
924 2577 1070 2645 interdicti

105 2669 242 2752 specialis
255 2667 370 2731 mentio
385 2665 450 2728 fieri
460 2665 549 2730 debet
561 2666 600 2728 de
613 2665 769 2748 Episcopis
779 2672 813 2729 ut
826 2665 890 2729 illas
904 2667 1068 2733 incurrant.

105 2761 303 2821 incurrantur
316 2755 387 2818 verd
400 2773 497 2836 poenae
511 2757 601 2836 suprd
619 2755 792 2830 recensitse,
815 2755 931 2818 etiamsi
944 2774 1071 2822 censura

106 2841 284 2903 nonhabeat
295 2839 593 2924 effectum,edqudd,
605 2861 634 2905 v.
648 2861 693 2922 g.,
703 2859 772 2902 reus
784 2839 914 2922 appellet
928 2843 978 2902 aul
988 2837 1080 2920 J'udex

105 2927 282 3010 impeditam
297 2929 405 2993 habeut
412 2929 667 3010 jurisdictionem.
680 2921 768 3010 (vidi
779 2930 810 2993 S.
827 2929 965 3012 lignos,
980 2925 1032 2996 lib.
1048 2933 1066 2990 t

106 3027 143 3078 n·
156 3017 219 3100 61.)
236 3020 404 3103 Suppressa
417 3027 462 3084 est
475 3019 554 3084 dicta
571 3020 732 3104 suspensio
747 3018 794 3102 (G.
810 3019 868 3102 Ap.
887 3015 982 3100 Sed).

147 3099 242 3162 (lause
258 3119 394 3166 censure
415 3120 542 3184 exprimi
563 3113 652 3166 deuel
673 3125 732 3170 non
756 3127 786 3170 m
811 3130 939 3190 genere,
965 3117 1017 3178 sed
1041 3121 1070 3182 in

106 3187 225 3268 specim
249 3188 372 3271 iusuper
392 3192 540 3274 scriptura
563 3191 653 3256 debet
672 3212 737 3258 esse
759 3198 949 3280 authentica,
974 3206 1070 3287 sigillo

106 3275 278 3357 obsignata,
293 3285 324 3339 et
342 3279 507 3363 subscripta
520 3282 538 3344 it
553 3281 655 3362 judice
675 3291 727 3347 sut
740 3285 778 3348 ab
796 3287 873 3367 elio,
899 3291 992 3372 ipsius
1013 3313 1070 3358 no·

106 3365 200 3438 mine,
215 3369 266 3428 eut
279 3365 384 3429 sellem
393 3367 479 3432 debet
486 3389 539 3452 per
549 3369 673 3436 idoneos
687 3379 776 3437 testes
789 3377 920 3458 probari.
933 3379 964 3443 Si
976 3382 1068 3462 judex

137 3519 145 3548 ⁴
164 3533 175 3564 ι
193 3514 306 3583 (lucique
323 3515 390 3568 l'uns
410 3531 443 3569 ou
463 3517 550 3569 l'autts
563 3519 594 3571 de
611 3535 652 3573 ees
670 3523 809 3576 conditione
827 3526 911 3592 puisse
928 3531 980 3582 eles
991 3535 1070 3590 omiss

106 3603 118 3638 r
135 3601 192 3639 sens
204 3601 252 3655 que
264 3588 287 3639 le
298 3593 416 3640 sentence
427 3587 476 3639 soit
492 3588 610 3653 invalide,
623 3593 768 3645 neanmoins
784 3595 838 3648 leur
854 3599 971 3654 omission
983 3603 1070 3658 simul·

106 3677 118 3710 s
134 3659 206 3711 tando
217 3659 399 3720 l'iaraliderait,
413 3658 476 3710 ainsi
488 3660 547 3726 qu'il
559 3675 573 3711 s
585 3663 625 3713 dte
635 3665 717 3715 resolu
730 3668 806 3731 paria
819 3668 845 3720 S.
855 3671 976 3742 congrdg.
989 3685 1068 3729 mter.

106 3749 118 3780 ¹
134 3732 201 3783 areta
210 3731 243 3782 du
255 3731 282 3783 S.
293 3731 368 3784 Gono-
383 3730 414 3781 de
425 3729 524 3782 Tremo·
538 3733 690 3796 »lSlrsmlen
704 3737 953 3796 decennovales..
965 3761 989 3798 u.
1002 3745 1057 3800 509.
