2466 4258
164 127 222 192 728
390 143 528 194 unumne
548 143 654 191 rorrus
673 143 756 191 turus
769 141 932 190 canorum.

162 265 362 342 extantibus3
380 263 444 326 imo
454 263 480 326 si
494 281 512 325 a
524 261 663 344 parocho
677 262 903 326 testimouium
921 263 1042 326 datum
1056 259 1142 336 iuuit,

162 372 243 438 opus
256 355 327 432 orit,
345 359 380 416 ut
400 351 542 432 ejusdem
568 350 698 434 parochi
714 349 902 431 obsignatio
926 369 946 415 a
976 353 1145 434 curiaepis

164 443 267 523 cupuli
282 441 464 506 authentica
480 441 669 503 declaretur.

203 533 252 596 30.
268 531 356 608 Quod
379 533 404 592 si
419 529 548 612 aliquod
567 533 687 592 oriatur
701 529 837 592 dubium
854 530 951 594 circa
968 531 1149 595 documenta

162 622 311 698 predicta
325 621 370 682 vei
388 620 470 682 circa
482 637 592 682 eorum
605 619 781 693 veritatem,
792 619 826 681 in
837 619 950 697 judie
958 641 1019 683 urn
1032 625 1150 688 vocant

162 721 254 774 erunt
265 719 296 775 et
307 709 444 792 juridice
457 710 659 771 examinandi
673 711 928 788 consanguinei,
947 713 1080 790 affines
1095 735 1152 798 pn

162 801 286 882 pinum,
303 800 419 880 quibus
440 799 529 878 origo
554 815 664 860 eorum
681 797 854 878 dequibus
873 817 916 860 an
896 801 1007 880 itur,
1026 814 1098 865 uota
1113 818 1154 875 sn

161 902 216 954 aut
231 905 304 954 nora
318 907 385 954 esse
399 887 508 972 possit,
521 895 555 948 ut
570 906 606 950 ax
624 888 740 950 horum
754 887 1034 968 depositionibus
1049 893 1156 978 gratim

161 979 446 1060 consanguinitatis
455 975 502 1039 vei
515 975 676 1039 affinitatis
686 976 802 1039 ciarius
813 978 925 1040 valeat
937 979 1154 1044 determinari

99 1131 100 1140 ,
161 1069 229 1132 Non
245 1070 310 1132 leai
323 1065 529 1131 fundamento
545 1066 619 1128 buic
634 1068 678 1128 rei
698 1083 765 1129 esse
786 1075 894 1148 potest
908 1072 1022 1134 etiam
1041 1071 1157 1153 pubiica

162 1159 256 1234 tama,
267 1157 307 1220 da
317 1175 379 1237 qua
390 1156 470 1218 ratio
483 1155 542 1217 erit
557 1153 723 1231 habanda;
741 1155 809 1235 ejus
821 1163 936 1220 tamen
953 1161 1080 1224 sedulo
1094 1179 1157 1222 con·

161 1245 328 1311 sideranda
343 1246 402 1308 erit
416 1246 504 1325 origo
519 1253 549 1307 et
564 1246 713 1318 rationes,
737 1243 855 1321 quibus
873 1248 1058 1312 innititur.
1076 1251 1158 1312 Caete

161 1356 233 1400 rum
246 1336 343 1418 judex
358 1349 482 1416 semper
500 1351 565 1416 praa
584 1333 687 1396 ocutis
702 1333 830 1410 habeat,
847 1334 902 1398 bis
920 1341 1157 1418 quaestionibus

160 1426 346 1490 dirimendis
374 1424 570 1504 praecipuum
602 1421 845 1486 tundamentum
877 1428 1043 1506 praebere
1073 1433 1156 1492 docu-

160 1525 267 1578 menta
284 1512 486 1588 authentica,
513 1521 543 1574 et
573 1529 750 1592 numquam
779 1511 876 1575 licere
903 1527 1033 1581 mantra
1057 1517 1153 1582 eadem

157 1605 312 1688 judicare,
330 1601 392 1664 uisi
407 1619 447 1664 ex
468 1601 562 1664 certis
576 1608 607 1662 et
621 1600 821 1664 evidentibus
837 1609 1059 1685 argumentis
1074 1627 1152 1670 oons-

161 1696 257 1757 titerit
279 1695 346 1774 ipsa
364 1691 477 1754 vitiosa
500 1700 554 1753 aut
578 1690 656 1755 falsa
681 1709 758 1755 esse.
777 1687 822 1753 Ac
844 1694 998 1774 proinde
1020 1697 1147 1762 locorum

161 1784 315 1848 Ordiuarii
331 1780 442 1846 sedulo
457 1780 629 1857 curabunt,
644 1789 679 1844 ut
693 1781 764 1843 libri
777 1781 1044 1866 baptizatorum,
1056 1791 1145 1852 confir·

161 1883 330 1952 motorum,
348 1881 378 1934 et
393 1871 596 1934 matrimonio
607 1873 839 1954 copulatorum,
856 1889 918 1935 nec
935 1893 1013 1939 non
1032 1877 1136 1941 desua-

161 1976 264 2027 torum
280 1983 298 2026 a
314 1961 459 2044 parochis
483 1960 723 2040 diligentissime
747 1969 933 2037 exarantur,
962 1975 998 2028 et
1015 1980 1140 2031 accurate

160 2054 386 2118 custodiantur.

467 2321 630 2368 surreptus
653 2319 815 2367 succubus·

337 2483 381 2548 De
401 2482 613 2562 impedimento
633 2479 760 2560 publicae
782 2481 965 2549 honestatis.

199 2674 249 2736 st.
265 2672 391 2748 Quoties
406 2669 535 2754 aliquod
554 2669 791 2732 matrimonium
805 2671 1023 2752 impugnatur
1039 2675 1102 2740 ob'
1095 2693 1144 2737 nn-

159 2765 388 2868 pedimentum,
414 2760 500 2842 quod
529 2758 666 2840 pubiicae
692 2759 864 2823 honestatis
883 2763 1091 2838 nominatur,
1116 2765 1141 2825 in

74 2929 76 2932 Ι
158 2854 271 2937 primis
291 2861 438 2916 accurate
457 2849 661 2911 statuendum
677 2847 749 2924 erit,
765 2857 870 2910 utrum
885 2851 971 2915 illud
994 2857 1134 2938 originem

150 2942 337 3010 duxeritax
361 2937 565 3001 matrimonio
589 2938 867 3019 simplicitatum,
889 2955 933 3001 au
949 2960 991 3005 ex
1023 2959 1127 3026 sponsa·

160 3034 254 3097 libus.

198 3122 233 3183 ln
247 3119 342 3201 priori
358 3136 432 3181 casu
453 3116 493 3180 ad
514 3116 777 3198 impedimentum
807 3117 1051 3185 adstruendum
1077 3139 1138 3206 pro

159 3211 300 3274 terantur
330 3207 519 3272 documenta
550 3208 744 3274 matrimonii
772 3207 986 3288 praecedentis
1012 3211 1140 3274 celebra·

83 3307 84 3310 ’
159 3301 276 3362 tionem
292 3296 543 3378 comprobantia,
568 3317 639 3376 quse
662 3297 853 3361 documenta
881 3296 978 3361 facite
995 3301 1141 3384 suppedi-

49 3437 53 3450 .
158 3387 271 3451 tabunt
287 3385 336 3448 vel
360 3385 430 3448 iibri
450 3388 725 3447 matrimoniorum
747 3405 764 3448 a
781 3385 920 3467 parocho
937 3391 1102 3463 servandi,
1118 3389 1140 3449 si

161 3476 396 3538 matrimonium
425 3491 529 3542 coram
559 3473 696 3536 iicctcsia
722 3473 813 3536 suerit
836 3476 1063 3554 cerbratum
1093 3437 1140 3542 ’sat
