2462 3984
198 218 254 280 tat
419 231 554 279 utuntur
574 232 674 279 renus
694 232 775 278 aunis
795 230 942 279 elnonem.

196 341 307 421 quibus
322 341 577 423 compromissum
591 340 646 404 fuit
665 345 764 422 potest
777 337 973 422 respondere.
990 339 1066 404 Vide
1085 343 1122 405 Ca
1136 341 1160 406 d.

196 429 309 512 Soglieu
326 431 427 494 Iastit.
436 429 519 511 jum,
534 430 552 510 ἓ
566 434 635 506 tlt,
652 430 750 492 versia
762 429 863 510 finem.

235 523 325 582 eata.
350 518 537 600 Regulariter
558 519 750 582 reconventio
773 518 874 580 locum
895 517 1007 580 habere
1026 525 1120 600 potest
1139 521 1162 582 in

196 608 338 670 omnibus
352 607 450 670 causis
465 607 603 670 civilibus
620 627 688 690 quoe
713 607 881 688 specialiter
896 608 928 668 in
943 608 1014 688 jure
1030 627 1090 669 non
1104 612 1161 671 sunt

196 703 339 778 exceptae.
355 699 399 760 lta
412 697 634 773 communiter,
654 697 745 758 etiam
756 695 857 777 quoad
875 713 981 758 causas
996 697 1165 758 summarias

196 785 305 863 (Clern.
322 789 341 847 Ξ
355 783 390 847 de
404 784 517 847 verbor.
533 785 689 866 amalfia).
705 784 847 857 Quadam
866 788 968 846 tamen
983 803 1083 847 causee
1095 785 1161 847 esci·

197 874 333 956 piantur,
348 879 383 938 ut
395 874 488 936 videri
506 880 603 956 potest
617 893 666 955 ap.
684 873 779 938 Bouix
793 873 860 950 (iu,
876 892 906 954 p.
924 875 1009 951 l8'l);
1027 875 1090 935 imd
1101 892 1161 935 eon·

196 972 303 1027 ventus
322 963 446 1028 civiliter
465 969 562 1045 petest
575 963 665 1025 etiem
685 962 879 1024 criminaliter
899 979 1076 1025 reaccusare
1092 983 1099 1023 τ
1114 981 1166 1044 quo

197 1070 268 1115 casu
281 1101 289 1129 ,
304 1052 451 1115 sententia
472 1071 562 1132 super
576 1054 666 1114 causa
680 1051 757 1114 civili
771 1049 842 1112 serri
857 1049 993 1132 nequibit
1013 1058 1166 1133 antequam

198 1142 425 1219 pronuntiatum
454 1139 543 1202 luerit
565 1158 656 1222 super
675 1139 824 1202 criminali
849 1141 866 1200 d
891 1157 945 1200 reo
967 1140 1117 1222 opposito.
1134 1175 1164 1186 -·

198 1229 369 1292 Conventus
383 1235 485 1292 autem
499 1229 692 1290 criminaliter
710 1247 771 1290 non
786 1233 881 1309 potest
900 1227 1027 1290 civiliter
1044 1236 1166 1291 actorem

198 1317 385 1396 convenire,
414 1318 484 1398 quia
519 1337 610 1380 causa
641 1317 831 1396 criminalis,
865 1322 969 1397 utpote
1002 1317 1168 1398 principalis

198 1406 268 1469 lacit
281 1408 369 1469 silere
382 1406 511 1468 civilem.
523 1409 566 1468 lta
575 1410 635 1470 Len
651 1405 841 1476 Comensisse,
854 1411 885 1468 et
895 1407 955 1467 lex
966 1405 1020 1468 lin.
1033 1405 1066 1468 u.
1077 1406 1166 1468 dedu·

198 1494 269 1572 die,
285 1502 343 1559 ete.
359 1494 445 1560 Unde
460 1495 509 1557 illa
524 1496 690 1576 pendente,
707 1495 801 1556 civilis
821 1493 960 1556 intentari
981 1513 1044 1556 non
1059 1501 1167 1576 potest;

199 1602 256 1645 nec
274 1587 385 1667 pariter
405 1589 503 1665 potest
526 1591 659 1647 actorem
680 1583 874 1646 criminaliter
896 1599 1074 1646 reaecusare
1095 1586 1168 1660 (can.

199 1671 342 1755 Nepoado
362 1678 391 1748 ἓ,
416 1680 445 1736 et
459 1692 550 1735 eausa
561 1676 590 1748 3,
602 1693 633 1755 q.
656 1674 726 1752 ll),
743 1679 773 1734 et
795 1672 852 1734 hoe
870 1691 907 1733 ex
924 1673 992 1751 jure
1006 1673 1166 1734 Justiniam

200 1763 280 1844 (Leg.
292 1763 402 1845 Siquis
411 1782 488 1836 reus,
498 1762 530 1824 ff.
542 1761 685 1845 depellis
691 1761 787 1843 jud),
799 1761 849 1822 ulti
861 1761 1071 1841 Ulpianusait:
1085 1765 1169 1824 ouon

199 1873 213 1910 n
238 1853 382 1915 relatione
393 1852 546 1929 criminis,
561 1851 611 1912 sed
629 1851 802 1912 innocentia
813 1868 881 1912 reus
896 1856 1052 1930 purgatur.
1068 1873 1083 1910 a
1101 1851 1169 1914 l'ide

199 1941 299 2023 plures
314 1943 387 2005 alios
400 1961 488 2004 casus
501 1947 658 2022 exceptos,
671 1959 720 2020 ap.
734 1939 829 2000 Bouix
843 1939 908 2018 (ila,
926 1958 955 2019 p.
974 1938 1053 2018 188).

239 2037 328 2096 ettae.
346 2031 462 2114 Duplex
475 2037 519 2092 est
528 2029 651 2092 allectus
666 2027 923 2091 reconventionis:
942 2031 972 2088 1ο
983 2027 1099 2090 Judieis
1111 2049 1171 2111 pro·

199 2121 529 2203 rogatiurisdictionem
541 2119 580 2180 ita
594 2118 718 2180 utillum
729 2122 951 2198 competentem
960 2113 1170 2200 ellieiatquoad

199 2219 350 2286 actorem,
379 2207 431 2269 etsi
460 2207 581 2269 aliunde
604 2207 704 2288 quoad
726 2207 827 2288 ipsum
845 2212 923 2267 esset
943 2205 1168 2286 incompetens;

199 2305 230 2362 2⁰
244 2299 314 2360 feeit
335 2303 365 2358 ut
379 2313 469 2358 cause
484 2295 724 2356 reconventionis
743 2294 832 2356 simul
851 2311 921 2356 eum
941 2297 1032 2356 eausa
1044 2311 1171 2358 conven-

198 2386 289 2448 tionis
303 2386 420 2446 tractari
435 2383 543 2466 possit,
559 2390 589 2446 et
602 2383 723 2465 utrique
737 2400 836 2446 causae
854 2382 1033 2444 simultanee
1050 2385 1171 2466 procedi
1219 2444 1220 2455 ,

199 2475 305 2538 valeat.

238 2568 327 2629 5921.
358 2563 500 2626 «Modus
521 2569 622 2625 autem
636 2562 686 2624 hie
699 2561 923 2624 observandus:
947 2564 977 2624 l⁰
998 2562 1071 2624 edm
1091 2569 1172 2627 actor

199 2676 213 2713 e
239 2653 373 2715 libellum
396 2652 605 2714 conventionis
624 2657 653 2712 et
679 2669 750 2713 reus
775 2649 909 2713 libellum
931 2654 1170 2716 reconventionis

199 2763 214 2800 a
239 2741 396 2817 obtulerit,
411 2741 495 2820 prids
513 2739 696 2821 respondere
716 2739 805 2802 debet
819 2757 889 2802 reus
909 2739 1009 2802 libello
1023 2742 1133 2804 actoris
1145 2750 1172 2804 et

199 2853 214 2889 n
239 2831 308 2892 dein
326 2836 409 2892 aetm
423 2829 523 2891 libello
533 2835 586 2900 rei;
597 2833 763 2906 2·sequitur
773 2829 949 2891 contestatio
968 2829 1048 2907 litis,
1064 2837 1171 2913 etpost

199 2942 213 2979 a
239 2919 317 2981 hanc
330 2924 414 2980 aetus
429 2917 598 2997 judicialis,
614 2918 666 3000 qui
687 2915 726 2979 de
739 2919 868 2998 utraque
882 2921 973 2980 causa
986 2918 1129 2994 vicissim,
1145 2926 1171 2982 et

198 3032 213 3068 a
239 3009 263 3070 si
279 3007 342 3070 lieri
357 3012 455 3089 potest
468 3005 575 3068 eadem
588 3005 637 3069 die
655 3005 789 3087 expediri
803 3006 913 3068 dehent
927 3009 1004 3088 (cap.
1020 3006 1171 3070 Intellect-

198 3121 213 3158 a
238 3118 301 3160 meo
321 3104 350 3160 et
371 3103 508 3178 sequent.
532 3095 567 3158 de
586 3095 683 3158 ordt'n.
711 3095 842 3178 eopnit.;
862 3095 1009 3158 Clement.
1025 3099 1063 3172 2,
1083 3115 1171 3159 versu

198 3211 213 3248 u
238 3188 300 3250 Nos
322 3205 424 3262 usum,
450 3185 485 3247 de
512 3184 589 3249 verb.
610 3184 749 3266 nociti„
774 3185 805 3246 3ο
827 3185 851 3247 si
875 3183 913 3246 de
935 3187 1063 3266 uirique
1081 3186 1169 3246 simul

199 3301 213 3336 a
240 3278 361 3359 liqueat,
371 3281 530 3355 utramque
537 3273 809 3353 judexterminabit
819 3276 881 3336 una
892 3275 1039 3336 sententia
1049 3278 1127 3355 (cap.
1143 3279 1169 3336 l.

199 3390 213 3424 a
239 3365 272 3428 de
286 3362 397 3426 mutuis
411 3363 535 3445 petit.);
557 3364 581 3426 si
595 3362 735 3425 alterutra
750 3361 897 3445 majorem
916 3361 1087 3443 indaginem
1108 3363 1170 3424 exi-

199 3477 213 3514 n
240 3459 310 3536 gat,
323 3451 461 3516 alterode
475 3453 537 3534 qud
550 3451 643 3533 liquet
660 3451 804 3534 suspendi
820 3451 929 3528 debet,
950 3451 1119 3533 usquedum
1133 3451 1170 3512 de

200 3565 214 3604 a
239 3543 330 3604 altera
352 3541 514 3622 liqueat...;
534 3542 566 3603 4⁰
588 3542 736 3604 sententia
761 3540 805 3603 sie
825 3540 1015 3623 coneipitur‚
1035 3547 1067 3604 ut
1082 3539 1113 3600 in
1136 3545 1170 3601 et

200 3652 216 3690 a
240 3629 386 3692 scribetur
406 3635 497 3709 eaput
517 3630 747 3707 conventionis,
771 3627 882 3692 deinde
902 3635 995 3711 eaput
1011 3645 1169 3693 reconven-
