2548 3988
468 209 554 256 erana
573 207 703 256 scarras.
1004 199 1065 262 ate

96 301 183 390 grave
196 303 445 384 incommodum,
467 312 541 387 puta
551 307 700 386 jacturam
719 305 809 372 lamae
828 308 1066 394 vellanorum,

95 395 167 481 quia
184 411 281 484 praece
303 401 333 461 ta
354 393 496 458 Ecclesiae
517 412 580 457 nan
600 393 735 478 obligant
755 413 827 460 cum
847 397 930 480 gravi
949 398 1067 468 incom-

96 414 309 566 1101111113.
1063 561 1064 566 ἵ

145 571 415 638 llxcammuniaato
439 574 513 637 rerd
535 573 661 642 tolerato
696 571 871 660 prohibetur
898 576 979 640 certe
1010 577 1069 645 sub

98 661 178 746 graui
203 665 462 726 sacramentorum
484 660 720 742 administratio,
744 667 780 726 ut
799 668 916 726 constat
941 682 976 728 cx
999 681 1067 750 cap.

99 747 222 830 Clerici,
237 748 272 813 de
286 747 391 812 clerica
401 769 557 828 11111111,
568 751 593 813 si
608 769 670 814 non
684 751 722 814 sit
736 751 913 840 requisitum
929 753 953 814 si
968 759 1070 817 autem

98 837 136 900 sit
148 837 322 919 requisitus,
334 855 455 920 semper
468 839 548 902 licite
557 843 655 922 potest
666 856 868 922 quacumque
883 847 1070 906 sacramenta

99 925 322 998 administrare,
337 933 475 1010 utsupra
489 926 754 1009 11111111116199),
770 933 799 990 ei
817 927 843 992 sl
857 935 995 994 eorunm
1006 928 1071 994 dies

100 1013 191 1078 leatus
202 1063 210 1094 ,
222 1033 280 1078 nco
293 1015 370 1078 alius
383 1015 460 1080 adsit
473 1016 613 1079 sacerdos
633 1016 686 1100 qui
701 1015 825 1084 missam
842 1016 957 1104 populo
970 1017 1070 1096 dicat,

101 1109 197 1186 potest
209 1103 381 1184 celebrare,
396 1103 451 1170 etsi
470 1105 611 1186 expresse
625 1121 688 1167 non
710 1109 847 1188 rogetur,
872 1106 944 1195 quia
963 1105 1072 1170 merito

102 1191 293 1274 presumitur
301 1191 432 1284 papulus
443 1191 567 1260 missurn
578 1197 681 1278 petere
690 1189 728 1258 ad
738 1191 928 1278 implendum
934 1213 1073 1346 praecep-

101 1285 165 1343 tum
181 1299 189 1342 r
204 1281 309 1362 excipe
321 1287 424 1344 tamon
435 1280 529 1344 sihoa
540 1281 716 1344 scandalum
730 1280 861 1349 afferrat
875 1284 920 1364 (S.
960 1283 1071 1367 'guam

101 1367 153 1432 lio.
168 1374 208 1447 ’1,
225 1371 258 1432 n⁰
272 1371 355 1453 169).

141 1461 231 1546 otili.
254 1459 403 1522 Gaeoerdm
422 1455 701 1526 excommunicatus
714 1458 805 1523 ctiam
817 1459 958 1526 uitandus
976 1460 1074 1536 aalide

102 1545 250 1612 ministrat
263 1553 469 1628 sememonta,
487 1554 613 1632 excepto
628 1548 815 1613 Paenitentia
829 1558 1028 1630 sacramenta,
1044 1558 1074 1616 ct

99 1639 185 1718 juxta
198 1635 363 1718 quosdam,
382 1643 507 1720 excepto
520 1637 611 1700 etlam
625 1637 819 1700 matrimonio
833 1656 841 1702 ε
858 1639 933 1702 ratio
947 1647 992 1704 est
1002 1639 1074 1726 quia

102 1723 155 1790 ubi
168 1723 279 1788 adsunt
291 1723 461 1788 essentiane
475 1725 674 1804 sacramenti,
689 1725 825 1790 Ecclesia
838 1745 900 1790 nan
915 1729 1071 1814 praesumi·

27 1857 29 1862 ,
102 1819 152 1880 tur
162 1811 238 1878 velle
251 1831 309 1878 nec
321 1813 411 1878 etiam
426 1821 526 1896 poseat
535 1812 611 1876 illud
623 1811 802 1900 inualidare3
813 1815 961 1898 excipitur
972 1825 1075 1884 autem

103 1910 325 1967 sacramentum
344 1899 532 1966 Paenitentia
551 1921 560 1964 r
580 1919 650 1964 nam
674 1901 756 1966 certe
779 1901 908 1966 invalide
929 1902 1075 1968 adminis-

103 1997 198 2055 tratur
212 1989 250 2056 ab
269 1991 533 2057 excommunicato
549 1990 691 2069 vitando,
713 1997 797 2056 extra
816 2007 922 2058 casum
943 1995 1074 2058 uecessi-

103 2081 189 2162 tatis,
203 2081 240 2144 ed
249 2079 331 2164 quod
341 2079 508 2162 jurisdictio
517 2079 555 2142 slt
566 2079 732 2142 necessaria
744 2076 783 2141 ad
792 2078 973 2146 validitatem
985 2081 1076 2162 hujus

102 2170 299 2246 sacramenti,
320 2175 351 2233 et
372 2169 652 2232 excommunicatus
674 2166 813 2236 vitandus
835 2170 920 2232 omni
937 2171 1076 2250 jurisdic-

100 2258 195 2330 tionis
208 2257 350 2321 exercitio
363 2258 509 2343 privetur;
525 2275 612 2322 secus
625 2257 650 2319 si
664 2255 890 2322 administretur
903 2257 1074 2340 timorato,

102 2346 176 2408 eiam
191 2346 247 2408 iste
261 2364 323 2410 non
336 2348 468 2432 privetur
487 2345 696 2429 iurisdictione
709 2362 781 2432 erga
794 2345 913 2430 eosqui
927 2345 966 2410 ad
980 2348 1076 2430 ipsius

103 2435 305 2498 ministerium
319 2440 489 2498 recurrunt.
506 2435 549 2514 (S.
564 2433 700 2518 liguor.‚
714 2433 767 2494 lib.
782 2437 813 2508 ’1,
831 2431 872 2496 nl·
887 2437 956 2512 161,
973 2439 1056 2516 168.)

145 2522 250 2596 Quoad
260 2523 507 2604 irregularitatem
520 2540 612 2608 quam
622 2521 900 2585 excommunicatus
912 2523 975 2586 tam
984 2523 1076 2588 vitan·

103 2611 163 2674 dus
185 2614 277 2702 qulam
293 2611 436 2674 toleratus
455 2609 584 2674 incurrit
604 2608 844 2674 administranda
860 2609 963 2674 illicite
975 2629 1075 2680 saara·

105 2705 225 2775 menta,
239 2700 278 2763 de
292 2702 330 2764 et
341 2699 473 2762 diximus
486 2717 578 2774 supra
591 2701 703 2776 (1189).

138 2777 303 2851 1111111
329 2783 436 2837 autem
461 2775 596 2836 scienter
620 2773 768 2840 ordinem
790 2779 905 2862 recipit
925 2781 965 2844 ab
980 2779 1067 2863 Epis·

95 2887 178 2951 capro
194 2863 322 2930 uitanda
338 2881 401 2927 non
434 2861 570 2924 incurrit
600 2860 695 2928 hodie
708 2870 1069 2936 excommunicationem

97 2975 265 3030 narratorem,
275 2953 327 3016 sad
342 2951 447 3015 adlurc
457 2951 703 3032 suspensionem
718 2955 759 3018 ab
784 2960 935 3024 exercitio
946 2959 1069 3028 ordinis

98 3045 236 3126 saasaeprl
252 3046 332 3128 (cap.
346 3045 422 3108 Crem
435 3042 571 3118 illorum,
586 3041 683 3126 siin,
704 3045 741 3111 de
766 3056 842 3114 aaut.
862 3067 1022 3132 1111111,
1037 3060 1068 3116 at

101 3135 213 3198 Carasa.
230 3136 289 3214 Ap.
306 3133 398 3208 Soli.

130 3225 298 3300 uelacri
319 3226 595 3292 excommunicatos
612 3223 658 3288 val
675 3225 852 3290 interdictos
872 3225 1011 3292 vitandas
1024 3223 1066 3292 od

88 3315 318 3402 dior'ooofflaa'o,
327 3335 377 3379 eeu
389 3324 568 3380 sacrameto
583 3313 631 3377 ael
643 3315 867 3378 ecclesiasticam
879 3315 1064 3398 sepulturam

89 3413 250 3472 admittere
259 3413 461 3493 praesummat,
477 3414 588 3486 prater
602 3404 678 3466 aliar
699 3405 830 3487 poeamd
844 3403 917 3486 jure
929 3413 1063 3486 statutas,

89 3501 255 3581 inpressum
267 3493 395 3562 ecclesio
404 3493 465 3558 aidi
472 3495 608 3557 nouerim
620 3493 821 3556 interdictum.
835 3494 878 3556 lta
889 3511 958 3580 cap.
969 3492 1064 3578 Epir·

89 3605 230 3672 caporum
241 3593 273 3668 8,
287 3584 520 3668 aerataeque,
533 3584 565 3646 in
576 3587 661 3660 aaa
674 3581 707 3646 G.
723 3583 825 3665 Apost.
841 3581 939 3648 Sedis.

134 3679 182 3744 ill.
195 3681 290 3748 iiaior
301 3673 575 3744 excommunicatio
585 3670 692 3744 unvai.
708 3671 818 3736 saltem
831 3687 895 3736 non
906 3669 1059 3743 toleratos,
