2526 3988
192 261 209 322 8
416 277 552 322 uruntur
572 278 673 323 rorrus
693 279 773 323 runis
793 277 940 322 cruuntur.

193 397 206 431 s
231 376 355 438 tinctam
369 375 598 457 itempublicam
609 383 660 438 aut
670 377 791 439 Statum
799 377 848 456 (ut
859 377 1027 459 inquiunt),
1038 377 1166 441 sadtan·

193 490 206 520 a
231 465 297 526 tum
308 461 474 547 Collegium
482 462 748 527 esseoontendunt
761 463 1009 544 (utMoshemius,
1021 466 1167 530 Boheute-

190 577 204 609 o
229 569 293 624 rus,
309 553 440 617 Budaeus
448 553 592 634 aliique);
607 571 731 615 ornnem
741 553 1079 637 Ecclesieessenegant
1089 555 1168 636 judi-

193 668 205 687 ·=
230 643 353 704 ciarlam
363 647 542 724 potestatem
553 689 561 720 ‚
572 641 628 704 sed
638 641 716 704 banc
730 641 766 703 ad
778 644 828 722 Jus
842 644 1004 722 majestatis
1017 644 1167 726 Principis

191 755 205 786 o
230 732 382 794 saecularis
394 730 545 813 pertinere
563 730 763 808 arbitrantur;
780 739 870 812 atque
888 733 1028 794 Ecclesia
1045 735 1167 794 tanturn

191 843 204 876 n
227 819 277 900 jus
291 820 446 902 collegiala
459 821 607 883 tribuunt.
622 822 756 884 loannes
770 821 975 899 Bodinus(lib.
990 825 1020 897 3,
1035 821 1070 883 dc
1080 823 1168 906 ch.)

190 935 204 966 a
229 909 688 990 ecclesiastioaejurisdictioniao
701 907 767 972 loro
776 909 969 973 vehementer
981 911 1166 990 adversatur,

190 1021 204 1055 n
229 1004 319 1080 atque
338 1017 411 1062 eum
424 995 545 1062 secutus
557 1006 602 1062 est
615 999 738 1062 Carolus
748 1001 889 1080 Loysaeus
903 999 933 1061 in
952 1017 1045 1063 suo...
1066 1000 1172 1076 Trcite¹

191 1110 204 1144 o
229 1086 278 1150 des
291 1087 489 1168 Seiqncuries.
503 1091 536 1150 ln
550 1088 659 1163 eodem
672 1088 734 1150 luto
747 1088 864 1151 haesitat
878 1089 912 1150 P.
929 1089 970 1150 La
984 1089 1098 1164 burda,
1113 1091 1168 1170 qui

191 1201 205 1233 s
229 1175 378 1258 opusculo
395 1176 445 1240 oui
460 1176 564 1238 titulus
577 1176 733 1256 Principes
752 1197 805 1238 sur
827 1177 1007 1240 l’csscncc....
1023 1177 1070 1240 des
1089 1178 1171 1241 deux

71 1339 72 1344 ἵ
191 1288 205 1322 s
226 1265 413 1348 prisacam,
429 1271 507 1340 eta,
527 1263 659 1326 datamb
682 1264 797 1326 Christo
811 1266 952 1327 Ecclesia
967 1273 1167 1347 potestatem,

191 1379 205 1412 s
230 1372 293 1416 non
308 1353 407 1416 solium
422 1353 571 1434 dirigendi
586 1371 640 1435 par
650 1353 775 1414 consilia
790 1362 819 1415 et
832 1355 998 1430 suasiones,
1013 1355 1169 1418 sedetiam

191 1466 205 1502 a
227 1443 355 1525 Jubendi
370 1441 539 1524 perleges,
561 1441 751 1522 cogendique
773 1449 802 1503 et
824 1445 915 1523 poena
936 1445 1094 1507 coercendi
1114 1465 1170 1508 eos

190 1554 206 1590 s
230 1533 284 1614 qui
298 1534 388 1614 poent
401 1537 474 1594 sunt
485 1529 582 1612 digni,
598 1530 774 1592 labefactare
788 1549 824 1593 ac
842 1531 946 1595 tollere
960 1541 1105 1611 conatur,
1121 1542 1169 1596 at-

191 1644 206 1680 »
230 1639 291 1704 que
317 1619 555 1684 ecclesiasticum
582 1619 785 1682 ministerium
810 1621 851 1682 ita
870 1621 1005 1686 saeculari
1029 1626 1169 1704 potestati

194 1733 207 1770 s
232 1709 352 1792 subjicit
366 1707 449 1774 ulad
463 1708 542 1772 hane
556 1709 705 1790 pertinere
719 1708 880 1771 contendat
893 1711 931 1773 de
945 1715 1068 1773 externa
1083 1715 1168 1775 ourni

192 1823 206 1859 a
231 1817 266 1862 ac
289 1797 421 1861 sensibili
442 1797 661 1880 gubernatione
680 1817 864 1879 cognoscere
883 1817 918 1862 ac
938 1797 1083 1878 judicare.
1101 1800 1170 1864 Pra-

192 1911 206 1946 ι)
230 1907 341 1952 vum...
366 1885 549 1970 opusculum
570 1887 725 1950 damnavit
748 1886 861 1950 Bened.
878 1891 961 1964 xlv,
977 1890 1101 1951 Constit.
1118 1894 1170 1955 Ad

193 2001 206 2035 a
226 1976 393 2040 madum...
410 1983 439 2039 et
457 1976 564 2040 similis
586 1975 717 2057 lllarsylii
738 1976 870 2039 Patavini
890 1984 920 2040 et
931 1978 1064 2041 lauduni
1084 1999 1170 2042 error
1260 1971 1261 1974 ¹

192 2090 206 2124 n
232 2067 328 2131 mulld
342 2071 411 2129 anta
424 2065 651 2128 damnatusiuit
665 2067 681 2127 a
694 2067 812 2128 ioanne
830 2069 920 2144 XXII,
943 2068 1067 2130 Constit.
1085 2069 1170 2132 Licet

193 2180 206 2214 a
224 2155 320 2238 juata
348 2154 511 2218 doctrinam
515 2201 576 2217 .....
600 2156 737 2217 Marinus
759 2156 801 2234 (in
824 2175 916 2235 opere
940 2157 982 2217 oe
1004 2157 1168 2223 Poenitcnt.

193 2270 206 2303 s
230 2243 453 2322 administrat,
477 2245 529 2305 lib.
553 2249 586 2320 l,
607 2263 635 2306 c.
666 2245 722 2322 ltl)
743 2244 842 2306 iorum
868 2246 1091 2307 contentiosum
1114 2249 1171 2310 Ec-

192 2359 206 2392 s
231 2334 331 2396 clesiae
354 2351 416 2396 non
439 2332 596 2412 distinguit
618 2332 719 2394 aioro
740 2333 954 2415 poenitentiali,
971 2341 1063 2416 atque
1082 2335 1171 2399 illum

193 2446 206 2480 a
233 2423 351 2484 tantiam
372 2427 441 2503 post
457 2423 497 2483 XI
520 2427 571 2483 aut
593 2423 646 2484 Xll
670 2422 816 2484 saeculum
839 2422 1003 2486 Ecclesiam
1028 2423 1171 2489 habuisse

193 2537 206 2568 a
231 2515 327 2594 putat.
352 2512 428 2575 Guur
442 2510 560 2573 Morino
577 2511 668 2572 sentit
681 2511 859 2592 Van-Espen
884 2511 949 2588 (Jus
968 2511 1169 2592 ecclesiast...‚

193 2625 207 2658 a
231 2600 283 2663 lib.
300 2603 337 2678 3,
352 2601 398 2662 tit.
414 2603 453 2678 l).
476 2599 603 2662 Ferretii
622 2599 740 2662 celebre
764 2607 810 2662 est
830 2619 907 2681 opus
929 2599 966 2662 de
988 2602 1086 2663 abusu
1107 2623 1171 2684 quo

193 2714 206 2746 a
232 2689 296 2770 ipse
310 2689 541 2752 ecclesiasticam
560 2688 800 2768 jurisdictionem
819 2697 848 2750 et
862 2688 1052 2768 judiciariam
1074 2700 1169 2772 potes

193 2801 208 2836 t>
231 2783 324 2839 tatem
348 2779 456 2839 acriter
484 2778 658 2838 insectatur.
686 2776 760 2838 lnde
793 2778 942 2858 Dupiuius
967 2778 1034 2857 (Dc
1060 2781 1168 2864 nlntiq.

193 2891 207 2923 s
231 2865 348 2928 Ecclcs.
370 2863 509 2946 discipl.‚
531 2864 649 2926 dissert.
665 2863 730 2944 'l‚§
750 2865 818 2943 ult.)
836 2865 987 2944 iudicium
1012 2869 1170 2932 ecclesias-

195 2980 210 3011 »
230 2956 324 3016 ticum
339 2953 370 3015 in
389 2953 526 3017 civilibus
546 2960 576 3014 et
597 2953 804 3016 criminalibus
821 2955 919 3016 causis
939 2961 969 3016 et
993 2965 1169 3036 potestatem

194 3066 207 3100 n
230 3061 269 3106 ex
283 3041 430 3124 Principis
445 3042 595 3124 permissu
613 3043 732 3123 repetit.
748 3044 853 3106 Petrus
872 3043 1059 3106 Glannonius
1072 3047 1169 3123 (Hiar.

193 3155 208 3192 o
232 3133 290 3196 cio.
307 3132 393 3213 regati
406 3129 572 3214 Neapolit,
588 3131 640 3192 lib.
657 3134 688 3209 2,
702 3149 769 3214 cap.
786 3131 855 3209 ult,
867 3137 942 3194 tom.
958 3135 1002 3211 l),
1018 3133 1111 3195 hostis
1122 3136 1170 3196 in·

193 3245 207 3280 a
231 3219 420 3284 lensissimus
432 3221 621 3283 contentioso
631 3219 774 3282 Eoolesiae
788 3219 852 3281 loro
861 3239 986 3283 omnem
1000 3222 1064 3300 ejus
1073 3229 1171 3303 potes·

193 3333 207 3368 r
231 3317 323 3372 tatem
340 3309 372 3372 in
385 3309 543 3386 docendo,
558 3309 693 3384 orando,
711 3308 886 3384 suadendo,
906 3317 937 3372 at
955 3327 1010 3390 per
1027 3328 1171 3375 censuras

193 3421 207 3456 n
232 3399 412 3480 corrigendo
428 3399 533 3479 ponit,
555 3403 586 3460 et
605 3397 724 3461 Morino
744 3398 834 3460 etiam
850 3399 1021 3460 assentitur.
1039 3401 1171 3463 lacobus

193 3511 207 3545 s
232 3505 354 3569 quoque
364 3487 599 3550 Gotholredus...
613 3495 642 3549 et
653 3487 782 3549 lacobus
795 3487 971 3566 CuJacius...
980 3487 1170 3566 iudiciariam

194 3599 208 3634 s
231 3576 374 3638 Ecclesia
387 3583 564 3658 potestatem
578 3583 701 3656 negant.
716 3597 731 3634 o
746 3579 789 3638 lla
809 3577 926 3650 Devoti,
951 3577 1003 3638 lib.
1016 3579 1035 3638 3
1047 3623 1056 3656 ,
1070 3579 1116 3640 tit.
1134 3584 1168 3657 l,

193 3666 262 3744 §⁴2
278 3665 310 3725 in
324 3669 404 3730 nolti.
