2548 3988
152 169 211 233 302
373 181 512 230 MANUALE
532 182 635 230 TOTlUS
655 183 737 230 lunis
758 181 906 230 canumet.

151 291 246 347 terem
273 281 475 366 episcopalem
498 281 589 364 exigit
609 283 642 344 in
665 280 804 344 ministro
826 277 1029 362 degradanle2
1054 281 1127 344 cbm

151 373 234 436 enim
248 391 302 456 per
317 372 427 436 realem
441 371 708 454 degradationem,
723 370 850 436 clericus
863 369 901 432 ad
915 375 1028 432 statum
1042 370 1129 434 laica·

150 461 212 529 lem
230 462 336 524 saltem
360 461 460 544 quoad
481 461 686 525 conditionem
708 459 872 542 redigatur,
888 459 1023 522 Ecclesia
1036 459 1131 524 voluit

151 557 186 615 ut
199 551 236 614 ad
259 551 341 614 hunc
354 558 464 614 statum
484 551 566 615 solua
581 550 631 612 ille
651 555 752 632 posset
769 548 914 612 reducere
927 553 979 630 qui
994 547 1076 612 solus
1090 549 1130 612 ab

150 639 259 704 eodem
283 640 414 704 educens
435 641 531 723 potuit
557 639 594 703 ad
622 639 793 702 clericalem
816 643 927 702 statum
951 637 1127 703 sublimare.

151 729 354 811 Degradatum
372 730 529 794 verbaliter
543 729 716 811 ,Episcopus
735 729 921 810 reintegrare
940 726 1035 804 valet,
1054 727 1129 793 dum

152 818 190 880 ad
205 819 314 881 Sedem
339 819 539 902 Apostolicam
554 825 722 882 reservatur
741 816 934 900 reintegratio
948 815 1049 880 clerici
1061 836 1129 881 rea-

153 907 219 970 liter
231 907 384 988 degradati
405 907 594 992 (Pontificale
608 911 736 970 Roman.
750 954 759 986 ,
773 907 819 970 De
839 905 937 987 found
949 905 1127 988 degradati.

153 997 300 1060 Caeterum
309 996 629 1080 degradatioordinem
638 996 783 1060 duntaxat
793 995 906 1059 directe
916 993 1007 1058 afficit
1019 1017 1025 1056 :
1036 997 1130 1079 siqui·

153 1085 223 1148 dem
238 1086 360 1168 quando
373 1087 441 1169 quis
462 1094 508 1149 est
521 1086 683 1168 privandus
703 1086 765 1148 suis
787 1084 943 1148 beneficiis
956 1091 1009 1148 aut
1021 1085 1128 1167 Digni-

154 1174 284 1251 tatibus,
303 1193 393 1256 poena
413 1175 608 1257 depositionis
624 1181 669 1237 est
690 1173 877 1248 adhibenda,
898 1192 960 1236 non
980 1173 1128 1256 degrada-

154 1261 254 1338 tionis,
262 1263 346 1344 Juxta
356 1263 531 1328 Pontificale
539 1265 569 1326 in
583 1283 644 1347 quo
658 1263 787 1326 dicitur:
807 1262 915 1336 «Quia
926 1263 1129 1345 Dignitatibus

154 1373 170 1412 n
194 1359 224 1413 et
236 1351 401 1416 honoribus
413 1354 592 1436 deponitur,
608 1353 660 1415 sed
678 1352 716 1414 ab
730 1351 888 1414 ordinibus
900 1350 1091 1434 degradatur.
1108 1377 1124 1412 a

155 1443 339 1522 bagradatus
361 1449 480 1508 tenetur
501 1443 540 1506 ad
559 1449 662 1506 votum
676 1441 835 1518 castitatis,
856 1439 881 1504 si
895 1440 953 1504 luit
966 1442 998 1503 in
1012 1442 1103 1505 sacris
1117 1463 1126 1520 3

155 1537 185 1592 et
198 1531 325 1595 invalide
337 1533 526 1596 contraheret
536 1531 766 1596 matrimonium
775 1549 783 1592 ι
793 1529 890 1593 valide
900 1531 1024 1594 econtra
1032 1531 1129 1594 alrsol-

155 1628 237 1682 veret
250 1621 281 1684 in
295 1640 368 1685 casu
382 1622 577 1685 necessitatis.

196 1713 285 1774 salo.
299 1712 361 1774 Etsi
374 1714 393 1775 a
405 1712 508 1775 multis
521 1709 693 1793 degradatio
705 1707 832 1774 verbalis
843 1708 1046 1774 confundatur
1056 1729 1127 1775 cum

155 1797 346 1882 depositione,
358 1801 454 1862 abillb
464 1807 566 1863 umen
577 1849 584 1877 ,
595 1801 627 1861 in
639 1799 821 1881 quibusdam
832 1797 930 1862 differt
945 1817 953 1862 a
970 1801 1128 1862 nonenim

156 1887 303 1970 depositio
325 1889 440 1971 indiget
456 1890 557 1972 aliquo
577 1890 635 1951 alio
654 1888 897 1970 complemento,
920 1887 1032 1952 sedeat
1045 1889 1077 1951 in
1095 1908 1128 1952 se

156 1996 246 2059 poena
263 1980 430 2062 completa,
446 1979 521 2041 dum
538 1978 665 2042 verbalis
678 1977 852 2059 degradatio
872 1977 984 2041 realem
999 1979 1128 2059 postulat

156 2065 418 2148 degradationem,
432 2086 489 2130 nec
501 2067 558 2129 nisi
574 2084 707 2148 peream
720 2067 907 2147 completur:
923 2067 1051 2148 proinde
1065 2087 1127 2132 non

157 2163 202 2216 est
215 2156 384 2218 adhibenda
398 2157 455 2218 nisi
470 2155 594 2237 quando
607 2154 729 2236 procedi
743 2162 841 2236 potest
857 2153 895 2216 ad
916 2153 995 2218 banc
1014 2158 1127 2221 realem

156 2241 413 2324 degradationem,
423 2244 495 2305 aliis
503 2244 565 2306 sola
576 2261 665 2326 poena
672 2242 867 2324 depositionis
877 2249 921 2305 est
930 2245 1125 2326 imponenda.

201 2353 217 2390 r
236 2333 329 2395 lintre
347 2331 376 2394 la
393 2331 561 2414 deposition
580 2333 688 2414 simple
710 2339 740 2394 et
760 2331 788 2394 la
806 2331 1002 2415 de'gradation
1021 2337 1126 2416 rdelle,

157 2441 173 2484 a
197 2421 295 2505 inquit
308 2423 450 2486 Stremler
465 2419 536 2504 (Des
549 2423 653 2486 Prinas
667 2423 778 2501 ecclia,
794 2443 825 2505 p.
841 2426 912 2503 38),
928 2423 948 2486 il
959 2424 1021 2487 doit
1034 2426 1127 2488 iuter·-

157 2535 173 2574 a
195 2513 281 2576 venir
294 2513 332 2577 de
348 2513 501 2578 nouvelles
514 2519 687 2592 sentences,
702 2519 872 2576 constatant
885 2514 913 2576 la
929 2513 1057 2578 recidive
1072 2564 1080 2594 ‚
1100 2516 1128 2579 la

158 2625 174 2663 n
197 2610 375 2666 contumace
388 2611 419 2667 et
432 2604 698 2685 l'incorrigibilite,
714 2610 744 2664 at
756 2603 839 2666 enlin
859 2621 919 2666 une
933 2610 1075 2669 sentence
1089 2607 1128 2670 de

158 2713 174 2751 n
198 2690 391 2774 degradation
405 2693 658 2756 verbale-Dans
666 2699 735 2755 tous
746 2692 789 2754 les
803 2711 854 2756 cas
862 2695 902 2756 ob
918 2693 947 2756 lc
959 2693 1127 2777 droitparle

140 2803 175 2843 ·»
198 2781 237 2845 de
250 2782 279 2844 la
291 2781 506 2864 degradation,
527 2801 597 2845 sans
609 2782 684 2844 taire
698 2783 834 2844 mention
848 2783 886 2846 de
900 2801 956 2846 son
969 2785 1128 2848 execution

159 2893 175 2932 a
199 2871 289 2934 recle
302 2877 333 2932 et
344 2871 525 2950 solennelle,
539 2871 560 2934 il
574 2870 638 2935 faut
649 2873 784 2951 toujours
798 2871 963 2936 l’entendre
980 2871 1018 2936 de
1032 2873 1061 2936 la
1073 2874 1126 2938 de-

160 2983 175 3022 a
200 2959 341 3044 position.
352 2982 432 3021 a-u
446 2959 584 3024 Clemens
596 2963 646 3039 lll,
658 2959 758 3044 inquit
767 2962 922 3026 Benedici.
932 2963 998 3026 XIV
1008 3010 1017 3043 ,
1028 2963 1126 3028 sive...

160 3073 176 3111 a
202 3049 379 3114 coelestinus
391 3050 430 3112 Ill
443 3049 475 3112 in
493 3069 561 3133 cap.
582 3049 901 3116 Cbmnonublromine
922 3055 977 3129 lu,
993 3051 1027 3116 de
1042 3053 1129 3138 judi-

161 3162 177 3201 a
201 3140 293 3218 riis..,
308 3139 453 3202 clericum
473 3137 648 3216 homicidii,
670 3139 759 3220 iurti,
780 3142 922 3224 periurii,
939 3159 993 3206 seu
1007 3144 1129 3208 alterius

161 3253 177 3292 a
202 3229 298 3312 gravis
311 3229 445 3292 criminis
454 3229 586 3311 legitime
599 3231 787 3308 convictum,
800 3231 899 3313 primb
907 3233 992 3312 jubet
1005 3233 1127 3318 deponi,

162 3343 177 3380 a
202 3318 311 3381 deinde
324 3319 598 3397 excommunicari3
619 3327 650 3383 et
665 3327 818 3384 crescente
831 3323 1041 3401 contumacia,
1057 3343 1129 3387 ana-

163 3428 178 3467 a
203 3406 362 3488 thematis,
377 3407 435 3471 boc
452 3416 497 3471 est
509 3409 700 3472 solemnioris
719 3412 1042 3475 excommunicationis
1059 3433 1128 3477 cum

164 3517 179 3552 a
203 3497 407 3574 execratione,
429 3515 575 3561 mucrone
588 3497 688 3562 leriri:
704 3515 739 3561 ac
755 3497 897 3578 demum,
912 3501 937 3563 si
952 3502 983 3564 in
1000 3503 1129 3584 prolun-

164 3603 180 3643 ι
204 3578 276 3643 dum
298 3584 446 3649 malorum
466 3587 598 3666 venerit,
621 3585 777 3668 degradari
798 3605 851 3652 seu
878 3589 971 3654 curie
990 3590 1129 3656 seculari
