2462 3984
22 7 39 28 Ηι
76 0 98 23 *⁸¹0
108 14 112 15 ⁷
159 0 167 13 ι’

20 131 40 166 ff
131 161 133 166 ,
142 159 143 166 t

14 313 19 346 ’ῑ
33 317 68 338 ι

16 353 17 356 ’
36 351 44 372 ἱ

179 215 234 290 ns
396 236 536 287 urucam
554 233 656 284 runos
675 236 758 284 runis
777 233 925 282 canonici.

176 337 284 418 vulgus
296 337 384 400 faciit
394 335 610 399 scandalizetur
622 333 865 398 videndodivites
878 335 932 412 sic,
947 331 1051 396 medio
1063 351 1148 417 pecu·

176 427 246 502 niae,
260 425 383 507 justitie
397 426 529 508 rigorem
542 423 704 487 declinare.
720 425 755 485 in
768 421 827 485 hoc
840 428 941 486 autem
954 441 1040 502 casu,
1053 426 1150 506 potius

176 519 255 576 esset
276 521 309 578 ut
331 514 498 596 Episcopus
516 513 574 575 alia
588 512 771 594 poenitentiae
792 529 884 593 opera
902 511 1094 594 injungeret,
1107 512 1149 574 vet

177 604 268 667 etiem
282 601 376 682 forte,
392 611 425 666 ut
439 603 530 685 gratis
544 601 582 664 ad
595 601 848 684 compositionem
862 599 1044 664 admitteret.

217 696 308 757 5891.
331 727 371 740 -
391 695 441 755 Vl.
465 693 510 755 de
531 692 670 754 citatione
690 689 747 755 rei.
776 690 828 769 Si,
848 689 986 754 absoluto
1010 709 1151 774 processu

178 780 389 862 intermedio,
404 781 495 862 judex
508 780 675 862 comperiat
688 778 771 861 qudd
784 797 847 842 non
860 777 937 842 adsit
949 787 1056 844 contra
1068 799 1153 844 reum

178 872 316 954 probatio
330 872 434 935 saltem
450 870 645 953 semi-plena,
660 867 749 931 debet
763 871 924 932 Decretum
938 868 1029 933 edere
1041 870 1080 933 de
1095 889 1154 932 non

180 960 307 1024 ulterius
325 959 537 1042 procedendo,
557 965 588 1022 et
600 965 675 1022 tunc
695 975 785 1025 causa
800 957 884 1020 finita
902 963 946 1020 est
961 958 1011 1022 :si
1033 959 1155 1022 econtra

176 1049 270 1130 judex
283 1051 434 1114 existimat
450 1049 554 1113 haberi
573 1048 679 1112 saitem
699 1046 913 1129 semi-plenam
926 1047 1154 1130 probationem,

46 1141 60 1164 ³
179 1138 381 1202 faceredebet
401 1142 563 1202 Decretum
584 1137 623 1200 de
645 1135 857 1200 constituendo
879 1153 952 1218 roo,
973 1143 1005 1201 et
1027 1137 1155 1222 proinde

177 1227 285 1307 jubere
299 1228 464 1291 uisitetur.

221 1318 326 1380 (litatio
338 1325 438 1380 eutem
448 1321 493 1380 est
505 1325 587 1378 cetto
596 1315 747 1397 lepitimus
755 1333 811 1398 quo
823 1315 1036 1398 quismonduto
1042 1313 1157 1399 judicis

181 1415 302 1470 secutur
318 1405 526 1489 injusticiam,
536 1405 622 1487 juris
635 1403 807 1488 experiendi
818 1405 915 1469 musti.

222 1499 312 1560 5892.
336 1495 457 1578 Triplici
472 1495 564 1558 modo
578 1494 731 1558 dividitur.
749 1499 780 1558 i‘
796 1495 862 1558 Alia
874 1502 921 1559 est
934 1495 1022 1579 juris
1035 1499 1158 1580 quando

182 1603 293 1667 nempe
307 1587 354 1648 lex
369 1585 470 1648 statuit
480 1592 597 1647 certum
612 1585 777 1647 terminum
793 1584 870 1650 intre
884 1604 976 1668 quem
989 1586 1158 1669 debetque

183 1693 286 1738 coram
297 1675 399 1755 judice
412 1693 444 1738 sc
457 1676 572 1752 sistere;
587 1673 645 1737 alia
656 1673 782 1736 desinis
795 1675 918 1756 quando
932 1675 1001 1758 quis
1015 1677 1157 1739 mandato

180 1765 290 1844 judicis
304 1765 335 1827 in
346 1765 398 1846 jus
410 1771 546 1828 vocatur.

222 1859 254 1917 2⁰
277 1855 343 1918 etia
357 1861 402 1918 est
415 1874 458 1919 ver
468 1853 542 1916 datis
553 1853 681 1936 quando
692 1851 785 1933 judex
798 1851 837 1916 ad
850 1871 939 1917 reum
957 1856 1049 1918 mittit
1064 1873 1156 1939 eppa·

67 2019 74 2022 ξ
182 1944 324 2024 nitorem,
339 1951 372 2009 ut
385 1945 413 2008 ei
426 1945 524 2006 verbis
538 1949 589 2006 aut
601 1943 720 2024 scriptis
731 1941 880 2022 significet
893 1943 974 2025 qudd
988 1944 1027 2006 ad
1040 1953 1156 2008 certum

182 2033 264 2096 diem
285 2035 394 2099 debeat
414 2035 445 2095 in
463 2033 578 2113 judicio
600 2049 797 2114 comparere3
823 2031 881 2094 alia
903 2033 1013 2113 rectis,
1034 2035 1157 2117 quando

182 2143 312 2206 persono
332 2125 420 2188 citata
434 2127 607 2184 arrestatur.

223 2214 358 2275 Veritatis
370 2219 472 2274 autem
486 2217 583 2293 potest
594 2209 787 2293 esseprivcto
801 2209 925 2292 quando
939 2211 1008 2292 quis
1020 2213 1156 2294 privatim

183 2302 220 2364 ad
241 2302 370 2379 taciem,
389 2301 436 2363 vel
459 2300 483 2361 si
499 2299 592 2378 absit,
608 2299 647 2360 ed
664 2298 790 2362 domum
813 2299 937 2378 citatum
956 2299 1002 2363 vel
1017 2301 1156 2385 publiea,

183 2389 304 2472 quando
319 2391 353 2451 iit
367 2409 420 2472 per
440 2405 545 2452 rocem
559 2389 727 2470 praeconis,
743 2389 788 2451 vel
804 2407 857 2471 per
870 2387 1005 2452 edictum
1017 2390 1049 2453 in
1064 2393 1156 2474 publi-

183 2480 227 2542 cis
240 2480 313 2543 locis
322 2479 461 2543 affixum:
473 2479 563 2562 porro
572 2477 744 2558 hujusmodi
752 2478 852 2541 citatio
862 2495 924 2541 nou
937 2478 1157 2546 estadhibenda

180 2569 304 2653 quando
318 2570 426 2632 suflicit
439 2567 576 2632 verbalis.

221 2661 253 2722 3⁰
273 2659 377 2722 Gitatio
395 2659 453 2720 aiia
473 2663 517 2720 est
533 2657 677 2738 sirapteu,
698 2655 723 2718 si
743 2673 854 2739 nempe
865 2656 960 2737 iudex
979 2658 1156 2744 simpliciter

182 2749 271 2812 alicui
298 2749 419 2810 mandet
439 2755 471 2809 ut
490 2747 541 2808 tati
564 2746 613 2808 die
636 2745 667 2806 in
686 2745 800 2826 iudicio
813 2754 1009 2829 ,compareat;
1032 2750 1156 2816 aliaest

53 2891 59 2898 .,
181 2838 400 2921 peremptorio,
425 2855 492 2918 quae
515 2835 555 2896 ite
574 2835 704 2916 imponit
731 2837 939 2900 necessitatem
961 2839 1153 2922 comparendi

182 2928 232 2990 tali
257 2927 323 3000 die,
348 2933 379 2989 ut
393 2925 522 3006 deneget
537 2923 708 2986 facultatem
728 2924 854 2988 ulterius
867 2929 1061 3010 expectandi,
1077 2931 1154 2993 unde

182 3018 326 3120 sicitetus
339 3015 505 3098 ,precinite
518 3013 582 3093 die,
598 3031 661 3076 non
674 3015 895 3097 comparuerit,
913 3025 1078 3082 contumax
1087 3038 1149 3083 con·

184 3115 324 3262 sttgtgggr.
335 3194 441 3258 Citatio
455 3193 658 3278 peremptoria
667 3191 758 3255 debet
770 3211 836 3256 esse
850 3194 940 3273 trina,
953 3199 1016 3276 aut,
1032 3198 1056 3260 si
1067 3199 1150 3261 unice

173 3283 223 3358 sit,
246 3282 380 3364 exprimi
391 3283 422 3342 in
436 3285 473 3343 ee
485 3281 669 3365 dettetquod
681 3285 719 3348 sit
731 3287 941 3367 peremptorie
953 3303 1008 3349 seu
1024 3305 1088 3349 una
1102 3301 1156 3368 pro

174 3372 335 3434 omatibus.
354 3371 400 3433 Ita
415 3372 467 3455 jus
485 3390 607 3433 roman.
625 3373 664 3434 ab
677 3373 814 3438 ecclesie
829 3374 1003 3440 admissum
1013 3375 1091 3457 (Lex
1105 3375 1153 3452 68,

174 3461 223 3532 oo,
240 3461 290 3537 70,
310 3460 360 3532 72,
382 3463 427 3524 tit.
458 3465 502 3525 De
523 3459 624 3524 ludio.
642 3463 656 3524 1
678 3462 767 3526 tius
782 3464 936 3538 Pandect,
951 3481 959 3540 ;
977 3465 1037 3528 Lex
1051 3465 1081 3542 8,
1109 3464 1152 3526 tit.

175 3549 225 3622 43,
241 3547 323 3609 ΗΜ
340 3549 473 3630 (lodie).

214 3637 304 3698 5894.
315 3636 380 3699 Etsi
395 3648 516 3714 autem,
527 3639 647 3718 exjuro
663 3659 806 3725 romano,
818 3645 928 3708 decem
943 3643 1010 3708 dies
1025 3643 1153 3708 interoc-
