2452 3984
167 3887 192 3951 'c

191 217 250 280 2³0
413 232 550 287 ueduata
572 233 673 282 conas
692 236 774 284 sams
791 237 938 288 eruamur.

192 333 293 395 omnia
307 332 492 414 praetermitti
509 351 578 415 quae
592 351 698 415 pacem
717 340 871 399 externam
890 339 1068 421 perturbare
1081 350 1152 426 pote·

191 428 277 499 rant,
299 423 316 484 6
338 421 457 484 Cardia.
482 421 593 504 legato
615 421 744 486 obtinuit
764 431 798 488 ut
817 425 850 487 ic
864 425 932 508 foro
950 438 1074 494 externo
1094 433 1153 495 nihil
1214 471 1215 507 ,

192 509 274 572 aliud
297 510 467 592 exigeretur
488 513 505 573 1
529 510 734 576 sacerdotibus
756 512 845 578 dictis
866 517 1150 591 constitutioaalr'tas,
1214 563 1215 595 ,

193 600 286 680 quiam
299 599 460 662 declaratio
473 601 534 683 qut
543 601 671 684 quisque
682 602 873 684 profiteretur
886 623 918 670 se
929 607 1082 674 adterere
1096 611 1154 674 Coa·
1214 649 1215 668 .

193 688 321 762 cordato,
337 696 367 751 et
378 707 437 752 esse
450 689 482 752 ia
495 692 746 754 communicasset
758 693 903 777 Episcopi
910 697 928 758 6
938 697 1021 780 Papa
1032 699 1152 762 instituti.

194 777 253 839 Pro
265 779 336 841 verd
346 777 411 861 foro
422 779 548 858 interno,
564 777 655 844 iidem
667 789 864 844 monerentur
874 792 976 849 arsace
988 788 1154 849 comeiertia
1214 843 1215 846 ,

191 866 389 950 providerent.
406 867 481 930 Vide
495 871 640 952 Lequeux
653 872 698 949 (n⁰
714 874 803 949 1365,
818 874 850 934 3·
865 873 962 954 edit).

570 1134 718 1202 CAPUT
742 1135 789 1205 ΙΙ.

293 1291 335 1340 aa
358 1291 502 1343 narrans
524 1293 651 1346 aonam
673 1273 1060 1355 vaaruruu'anmomms.

237 1435 325 1496 6137.
348 1434 490 1496 Dicemus
522 1402 571 1498 de¹
592 1438 745 1518 simoniis,
782 1439 989 1523 blasphemie,
1019 1447 1157 1527 periurio,
1204 1480 1209 1517 ;

197 1521 371 1602 sacrilegio,
385 1522 495 1602 injurie
508 1523 670 1589 Ordinibus
683 1528 871 1608 regularibus
885 1530 977 1614 illata,
990 1541 1021 1597 et
1034 1537 1138 1617 magii.
1204 1548 1209 1605 t

613 1709 695 1776 tut.
718 1709 741 1775 l.

588 1852 626 1898 au
646 1853 777 1904 6666666.

238 1997 327 2058 6136.
343 1991 478 2055 Simooia
494 1991 537 2054 sio
550 1991 628 2056 dicta
642 1993 659 2056 is
674 1995 798 2060 Simone
814 1999 913 2082 Mago,
931 2001 984 2084 qui
1004 2003 1101 2070 oblati
1117 2026 1158 2089 pe·

197 2085 288 2148 cunia
297 2084 390 2146 voluit
403 2083 420 2143 b
433 2084 464 2144 S.
479 2083 566 2144 Petro
580 2083 716 2147 obtinere
730 2091 904 2167 potestatem
923 2095 1157 2158 communicandi

198 2171 277 2234 dona
293 2172 420 2253 Spiritus
433 2172 478 2248 S.‚
494 2170 637 2234 delinitur
649 2175 851 2239 communiter
866 2197 874 2240 ε
889 2177 1018 2243 studiosa
1035 2187 1096 2262 (seu
1112 2185 1157 2246 de·

199 2261 332 2336 liberata)
352 2259 487 2320 soleratas
504 2259 616 2322 emendi
634 2271 688 2322 aut
707 2263 863 2343 66666661,
881 2271 981 2349 pretio
995 2273 1157 2356 temporali,

198 2347 320 2430 aliquid
329 2347 486 2430 spirituale
497 2355 550 2409 cat
562 2349 720 2432 spirituali
732 2372 889 2418 annexam.

198 2467 200 2478 ¹
241 2451 286 2514 Ad
305 2449 531 2532 intelligendam
551 2451 630 2516 hanc
651 2451 861 2522 definitionem
883 2460 942 2524 tria
963 2471 1035 2527 sunt
1056 2484 1156 2548 expen-

198 2541 300 2606 denda
311 2560 319 2602 :
331 2545 362 2605 1ο
375 2539 448 2622 quid
461 2539 564 2604 haberi
577 2542 685 2606 debeat
699 2551 836 2628 tanquam
849 2549 1009 2630 spirituale
1022 2555 1159 2636 666666·νί-
1206 2567 1212 2595 ·²

201 2631 277 2692 tacti
289 2644 457 2706 66666666,
469 2633 501 2692 2⁰
510 2629 583 2713 quid
590 2631 629 2692 sit
641 2633 842 2714 reputandum
851 2639 985 2718 prete'am
997 2641 1156 2724 temporale:

200 2723 232 2782 3ο
252 2721 320 2801 qais
339 2725 423 2782 aetas
442 2737 496 2781 seu
510 2719 599 2800 quale
612 2725 734 2802 pactum
755 2724 916 2788 constituat
934 2725 1121 2794 venditionem
1132 2737 1157 2790 et
1212 2763 1213 2770 1

129 2887 130 2894 ἵ
201 2809 374 2891 emptionem
387 2807 425 2870 de
439 2807 549 2889 quibus
558 2807 590 2870 in
602 2807 779 2874 delinitione
788 2811 823 2874 61
835 2817 961 2880 nsontio.

199 2947 202 2962 a
240 2912 330 2972 6139.
346 2943 386 2957 -
406 2913 436 2971 1ο
457 2909 585 2974 Nomine
608 2909 655 2974 rei
674 2911 843 2995 spiritualis
863 2915 990 3002 intelligi
1010 2922 1097 2989 debet
1116 2942 1156 2986 res

205 3021 221 3060 a
241 2997 474 3081 supernaturalis
493 2999 532 3062 ad
552 2999 680 3064 salutem
692 3001 848 3084 ordinata,
872 3005 1179 3086 6166611166666166,δ

201 3111 217 3150 6
240 3089 323 3170 talis,
343 3095 377 3152 ut
399 3089 493 3171 gratia
513 3088 636 3153 616666
649 3091 777 3174 Spiritus
795 3095 849 3172 S.;
873 3095 935 3161 sive
954 3103 1115 3180 causaliter,
1128 3107 1155 3163 ut

200 3200 216 3239 6
241 3185 313 3242 6661
325 3183 531 3256 sacramenta,
546 3179 669 3257 concio,
684 3200 789 3262 preces
802 3189 833 3246 et
845 3191 1069 3254 sacramentalia
1084 3191 1155 3268 ;sire

201 3290 217 3328 6
242 3268 302 3330 sint
315 3267 438 3330 effeetus
452 3274 482 3330 et
495 3286 569 3331 usus
582 3270 735 3351 potestatis
749 3275 1002 3358 supernaturalis,
1017 3287 1051 3345 ut
1062 3297 1154 3344 conse·

202 3379 217 3416 6
241 3355 352 3436 oratio,
366 3355 531 3434 absolutio,
546 3355 745 3439 dispensatim
761 3361 947 3443 benedictio,
962 3365 1153 3432 excommuni-

202 3465 218 3502 s
242 3444 339 3524 catio,
355 3444 481 3524 electio,
496 3446 703 3526 praesentatio,
718 3449 929 3534 confirmatio,
943 3457 1063 3522 collatio
1075 3457 1152 3520 bene·

203 3551 218 3588 6
244 3531 323 3607 dcii,
351 3531 462 3614 aliique
488 3539 573 3595 actus
596 3533 813 3611 jurisdictionis
832 3542 1050 3610 ecclesiastica.
1079 3567 1094 3604 6
1119 3545 1151 3604 lta

205 3616 407 3680 ttusembaum
422 3621 481 3698 (ap.
499 3622 530 3682 S.
546 3619 681 3702 Lindon,
697 3623 748 3686 tib.
762 3629 799 3706 a,
815 3630 850 3690 n⁰
861 3633 923 3709 tu).
