2452 3984
439 277 524 324 niem
544 277 675 324 rennos.
979 255 1039 321 335

70 400 82 438 i
102 377 304 459 gratitudine,
316 376 371 440 etsi
385 393 448 438 non
461 393 497 438 ex
509 374 641 454 institit,
652 373 690 437 ad
704 371 930 438 retribuendum
944 369 1038 432 bene·

69 490 80 524 i
102 467 252 530 tioium.»
274 469 316 529 lte
339 467 371 529 S.
393 466 514 546 Liguor.
537 463 600 542 (lib.
617 466 647 541 3,
670 471 703 525 0ο
720 463 826 540 5t,t'n
843 461 924 546 fine).
946 461 1038 523 Secus

70 561 166 618 temen
180 555 317 618 sentiunt
328 555 430 638 plures
443 553 482 616 ab
495 551 603 616 eodem
617 551 697 616 citati
710 551 786 632 (id).

101 649 195 708 6155.
214 647 238 706 A
252 643 367 708 fortiori
380 648 459 706 esset
468 642 615 720 simonie,
631 639 779 723 quidquid
787 639 889 703 dieunt
898 639 1037 703 nonnulli

68 735 144 816 opud
159 733 305 796 eumdem
318 732 385 812 (id,
400 735 463 810 53),
478 731 628 794 deducere
643 731 675 792 in
690 735 811 811 pactum
824 729 1037 810 obligationem

69 822 281 899 antidoralem,
305 822 377 906 quia
397 819 456 884 tale
477 827 599 903 pactum
618 817 730 882 invehit
755 817 861 880 saltem
881 817 1037 899 obligatio-

71 931 134 974 nem
149 911 322 989 fidelitatis,
341 929 427 994 quae,
449 911 520 974 edin
540 909 578 971 sit
597 908 698 990 aliquo
720 907 818 988 pretio
838 905 1036 986 aestimabilis,

68 1004 143 1064 certe
158 1007 283 1084 paetum
295 1000 496 1064 simoniacum
510 995 617 1060 reddit.
634 997 825 1058 Contrarium
838 1001 941 1058 umen
954 993 1038 1056 vide·

68 1097 109 1152 tur
121 1089 226 1154 dieere
239 1089 407 1167 lteiffanst.,
423 1087 476 1150 lib.
489 1090 520 1164 5,
536 1087 580 1149 tit.
596 1089 627 1163 3,
644 1093 677 1146 0ο
693 1087 768 1161 tte,
782 1083 838 1146 sub
852 1081 909 1146 hte
923 1081 1039 1144 modifi-

69 1181 182 1242 catione
192 1177 276 1261 qudd
290 1178 468 1260 promittens
482 1195 544 1240 non
564 1173 700 1238 intendat
713 1172 837 1255 praecise
851 1172 1036 1254 temporale,

68 1275 92 1329 et
103 1268 185 1331 absit
196 1267 372 1330 scandalum
383 1285 418 1330 ex
434 1271 518 1347 purte
531 1265 665 1328 alterius.

101 1359 295 1420 stentem
324 1355 525 1418 simoniacum
550 1360 629 1416 esset
654 1353 726 1416 dare
747 1351 931 1416 beneficium
953 1353 1037 1416 alteri

70 1453 187 1530 propter
200 1462 307 1528 preces
326 1443 464 1520 altenus,
486 1444 511 1506 si
527 1443 601 1506 illud
619 1443 704 1506 lieret
722 1441 761 1506 ad
779 1442 910 1504 savorem
930 1443 1037 1506 huma·

69 1553 140 1597 num
163 1531 418 1615 adipiscendum
442 1549 552 1608 seona,
573 1531 598 1593 si
622 1531 744 1594 daretur
774 1531 865 1593 etiam
888 1531 1036 1611 indigno,

69 1623 150 1686 nullo
171 1622 275 1685 habito
297 1627 436 1704 respectu
459 1621 497 1683 ad
518 1621 609 1684 talem
631 1619 764 1683 favorem
784 1620 1035 1701 comparendum.

68 1715 106 1774 lta
121 1715 155 1774 S.
173 1711 311 1793 Liguor„
326 1709 379 1772 lib.
397 1713 432 1788 3,
450 1721 483 1772 n⁰
501 1713 557 1788 53,
573 1711 624 1791 qui
639 1709 758 1790 adjicit,
777 1715 882 1772 eontra
895 1711 1034 1786 Laeroix,

70 1801 147 1884 quod
162 1801 280 1864 adesset
294 1800 423 1863 simonia
441 1799 473 1861 in
493 1798 678 1862 conterendo
697 1797 847 1860 beneficio
860 1798 898 1860 ad
917 1817 949 1862 se
963 1797 1037 1862 libe·

69 1889 195 1954 randum
209 1889 248 1952 ab
261 1889 372 1970 iniusto
386 1887 519 1952 damno:
535 1888 606 1970 quia
626 1891 705 1950 esset
722 1887 794 1950 dere
812 1887 964 1970 spirituale
983 1908 1038 1970 pro

70 1979 223 2062 temporali
248 1977 472 2042 commoditate.
500 1975 710 2042 Contradicere
737 1975 854 2040 videtur
880 1977 1035 2040 Reiffenst.

69 2068 127 2146 (lib.
143 2073 174 2146 5,
190 2069 235 2132 tit.
252 2071 292 2146 5,
311 2067 356 2130 De
368 2067 503 2130 Simonid
516 2113 524 2145 ,
539 2077 574 2128 nt
591 2069 640 2145 66)
655 2065 695 2128 ob
712 2065 862 2128 rationem
876 2065 957 2147 qudd
971 2066 1038 2130 tatis

68 2175 195 2239 operans
206 2175 268 2220 non
283 2161 352 2237 aget
365 2175 400 2219 ex
415 2163 514 2238 paolo.

102 2249 195 2310 etsi.
224 2245 368 2308 Notandae
394 2253 466 2308 sunt
490 2243 540 2308 hle
565 2248 726 2327 sequentes
752 2243 972 2328 propositiones
999 2247 1038 2311 ab

69 2337 223 2398 innocent.
240 2337 281 2398 Xl
291 2335 440 2396 damnatae
453 2353 462 2396 ε
473 2353 595 2418 propos.
611 2337 672 2397 ts:
692 2337 794 2397 oDare
808 2337 972 2417 temporale
982 2357 1037 2419 pro

68 2445 82 2481 a
105 2423 252 2506 spirituali
268 2427 389 2486 nonest
404 2423 547 2501 simonie,
560 2422 683 2504 quando
694 2424 857 2504 temporale
872 2442 934 2486 uon
950 2425 1038 2487 datur

67 2533 82 2570 a
105 2519 249 2595 tanquam
263 2512 393 2594 pretium
412 2511 465 2574 sed
479 2511 624 2575 duntaxat
640 2517 785 2592 tanquam
804 2513 949 2573 motivum
963 2531 1037 2576 eon·

68 2625 82 2659 a
108 2601 220 2664 terendi
238 2601 284 2664 vel
298 2600 447 2663 efficiendi
466 2600 634 2681 spirituale3
650 2599 800 2662 ueletiam
821 2599 943 2682 quendo
959 2607 1036 2664 latit-

68 2713 83 2750 0
107 2691 208 2772 porale
221 2690 259 2752 sit
272 2689 371 2752 solitm
386 2689 513 2770 gratuita
526 2687 732 2770 compensatio
746 2707 800 2769 pro
815 2689 971 2771 spirituali,
986 2699 1039 2756 aut

69 2801 83 2838 a
107 2785 250 2842 rantra.»
273 2779 441 2861 Propositio
461 2781 523 2840 td:
542 2799 558 2838 u
579 2779 616 2838 Et
628 2777 658 2839 id
673 2796 795 2860 quoque
809 2777 910 2844 locum
930 2779 1035 2861 habet,

69 2891 84 2926 r
108 2868 223 2931 etiamsi
243 2867 408 2949 temporale
426 2867 464 2930 sit
485 2866 650 2948 principale
673 2869 818 2932 motivum
837 2868 928 2932 dandi
949 2871 1036 2953 spiri-

71 2977 86 3014 »
106 2957 199 3032 tuate;
220 2956 300 3028 imd,
318 2956 436 3018 etiamsi
450 2955 488 3018 sit
500 2955 569 3017 linis
583 2956 677 3037 ipsius
691 2957 734 3018 rei
751 2958 930 3038 spiritualis,
947 2961 991 3022 sie
1005 2967 1038 3022 ut

71 3064 86 3100 r
108 3043 177 3108 illud
189 3045 284 3126 pluris
298 3045 461 3109 aestimetur
480 3047 573 3122 quem
588 3063 636 3107 res
650 3045 822 3127 spiritualis.
836 3069 852 3107 o

107 3134 209 3197 Merito
236 3133 387 3196 damnatae
414 3132 497 3196 luere
520 3132 671 3214 praedictae
698 3137 936 3217 propositiones;
965 3153 1037 3198 nam

73 3224 201 3299 quamvis
214 3222 256 3285 ibi
272 3221 391 3284 dicutur
404 3221 444 3283 ob
463 3225 626 3299 motivum,
642 3241 704 3286 non
722 3226 792 3286 verd
807 3231 952 3305 tunquam
967 3241 1036 3303 pre·

71 3309 161 3388 tium,
176 3319 206 3374 el
219 3329 282 3374 000
303 3311 342 3373 sit
362 3311 490 3372 simonia
509 3311 561 3372 ubi
582 3329 643 3373 000
665 3313 824 3375 intervenit
843 3310 975 3372 venditio
993 3311 1036 3375 rei

73 3398 244 3478 spiritualis,
264 3406 397 3462 etlumen
420 3399 541 3481 quando
564 3418 611 3463 res
634 3404 717 3464 mere
737 3399 906 3482 spirituales
925 3397 1036 3463 dantur

74 3485 269 3570 principaliter
288 3493 411 3570 propter
429 3489 608 3568 temporales
633 3489 760 3568 alicujus
774 3488 876 3568 magni
890 3493 1036 3554 momenti

3 3659 4 3666 ἵ
74 3575 163 3648 (usus
176 3577 200 3638 si
211 3577 322 3659 parvi),
334 3575 454 3640 difficile
468 3576 578 3641 dantur
592 3579 718 3641 omuino
732 3575 834 3655 gratis,
846 3576 898 3638 sed
908 3579 1036 3658 practice

3 3695 4 3714 r
75 3663 239 3738 praebentur
262 3683 333 3728 cum
358 3671 445 3740 puoto
466 3666 611 3736 implicito
631 3660 807 3744 imponendi
826 3663 909 3726 atteri
929 3681 1035 3726 novum
