2462 3984
166 221 219 280 rso
386 219 522 282 ullaulla
542 239 643 284 rorrus
662 239 744 284 aunrs
765 237 911 283 canonica.

162 331 230 394 licet
250 331 274 394 si
292 331 330 394 de
351 342 448 394 morte
466 333 587 395 testium
611 333 767 405 timeatur,
792 333 817 396 si
839 333 974 396 absentia
992 331 1136 398 diuturna

162 420 259 482 lutura
268 426 346 484 esset
358 440 366 482 ι
379 421 408 483 in
424 422 460 483 iis
469 422 553 483 enim
562 421 698 500 casibus,
710 421 735 483 si
744 421 868 491 civiliter
880 427 958 485 esset
971 422 1135 504 agendum,

162 529 200 571 ne
209 509 316 572 veritas
326 511 526 574 occultaretur
539 515 567 572 et
580 509 765 592 probationis
775 509 861 593 copia
871 510 1004 574 subtrahi
1018 512 1136 574 contin·

163 606 268 678 geret,
284 605 373 661 testas
394 605 494 661 essent
511 599 695 680 recipiendi,
709 599 760 662 lite
775 618 836 662 non
855 603 1040 677 contestata,
1053 599 1137 680 iuxta

163 706 229 768 cap.
249 688 349 750 ultim.
371 679 414 752 (lt
425 686 479 749 lite
491 707 547 748 non
560 688 732 758 contestani,
749 693 807 750 etc.
823 689 898 750 Item
916 688 946 750 in
970 707 1044 752 casu
1063 707 1136 752 oon·

163 777 302 838 tumaciae
316 776 380 855 rei,
396 777 419 839 si
438 775 650 858 procederetur
668 795 722 858 per
744 775 821 838 viam
836 775 1055 858 inquisitionis;
1071 779 1137 842 vide

164 883 255 946 supra
269 867 373 948 (5886)
382 886 390 940 ;
400 864 604 938 etlteiffenst„
615 864 806 943 Deludieiia
817 882 887 947 pars
897 863 989 944 l‚lib.
1000 870 1033 946 2,
1047 867 1092 930 tit.
1107 872 1137 945 a,

165 952 205 1014 nl·
221 955 302 1018 6-21.

205 1047 294 1106 5926.
320 1045 425 1108 Plures
447 1051 518 1108 sunt
542 1045 667 1110 effectus
688 1044 913 1108 contestationis
935 1045 1018 1110 litis:
1035 1049 1068 1108 l⁰
1087 1065 1139 1128 per

166 1151 231 1193 aaran
244 1133 502 1214 incipitjudicium
515 1155 522 1210 ;
534 1137 594 1195 a⁰a
608 1142 744 1214 tempore
753 1133 817 1206 ,litis
830 1135 1003 1204 contestatae
1017 1153 1139 1199 currere

24 1303 28 1310 .
68 1255 69 1258 =
167 1221 272 1301 incipit
286 1221 445 1298 instantia3
467 1225 497 1283 3¹
512 1223 588 1284 aetio
607 1221 773 1304 personalis
791 1241 845 1303 per
863 1225 930 1285 eant
944 1221 978 1284 lit
992 1223 1137 1304 litigiosa;

44 1391 48 1398 .
165 1312 198 1370 4⁰
210 1310 323 1392 absque
335 1309 685 1372 aasententiadalmitiva
695 1310 763 1372 ferri
774 1311 895 1392 nequit3
908 1315 943 1374 5⁰
955 1311 1005 1374 lite
1020 1323 1139 1376 contes-

168 1400 247 1476 tata,
267 1397 360 1476 judex
383 1399 513 1460 recusari
542 1399 648 1481 nequit
674 1398 730 1460 nisi
753 1398 793 1460 ob
818 1411 940 1461 oausam
959 1401 1140 1481 suspicionis

55 1505 57 1508 ·
85 1499 88 1504 “
168 1485 450 1567 supervenientem
475 1487 585 1549 salius
601 1487 776 1550 contestatio
794 1487 926 1550 excludit
947 1489 1140 1570 exceptiones

54 1601 55 1604 ¹
147 1601 149 1604 ·
167 1575 328 1646 dilatorias,
346 1576 403 1638 nisi
412 1576 451 1638 de
465 1577 501 1638 iis
515 1584 602 1644 antea
612 1577 701 1638 luerit
715 1577 867 1656 interjecta
882 1580 1074 1658 protestatio,
1089 1587 1140 1642 aut

168 1683 205 1726 ex
221 1667 299 1728 nova
311 1667 403 1728 causa
416 1657 608 1746 emerserint;
624 1671 656 1726 7⁰
677 1664 868 1747 interrumpit
881 1667 1138 1748 praescriptionem

169 1753 251 1834 longi
259 1754 402 1838 temporis
417 1755 466 1832 (to
477 1755 524 1816 vel
537 1758 576 1818 20
589 1755 750 1828 annorum)
765 1753 865 1836 quoad
879 1773 964 1818 reum
972 1775 980 1831 ;
993 1759 1026 1818 8⁰
1038 1775 1139 1839 perpe-

169 1849 231 1903 tuat
244 1842 395 1906 actionem
404 1861 458 1926 per
470 1847 510 1906 40
522 1845 645 1906 annosa
657 1849 793 1924 tempore
806 1847 978 1907 contestatae
991 1843 1052 1907 litis
1060 1865 1139 1908 com·

169 1930 333 2012 putandos;
349 1937 382 1996 9⁰
396 1934 413 1994 a
428 1932 478 1997 die
497 1935 671 1995 contestatae
684 1931 743 1992 litis
761 1947 914 2012 possessor
930 1949 991 1994 non
1010 1935 1139 2016 amplius

169 2019 239 2082 l'acit
257 2019 372 2084 fructus
385 2040 476 2100 suos,
493 2019 546 2084 sed
559 2039 736 2084 conservare
756 2026 786 2083 et
799 2019 909 2098 actori,
923 2019 950 2082 si
966 2021 1051 2084 litem
1063 2024 1137 2086 obti-

170 2116 256 2188 neat‚
272 2111 426 2174 restituere
446 2117 585 2186 tenetur;
608 2108 716 2170 missus
739 2115 840 2170 tamen
866 2109 897 2168 in
918 2112 1138 2189 possessionem

170 2199 382 2278 peractionem
397 2199 528 2274 realem,
545 2205 612 2278 post
625 2198 708 2258 litem
721 2201 916 2259 contestatam
930 2196 1061 2262 litverus
1071 2219 1137 2282 pos-

170 2303 278 2347 sessor.
302 2285 378 2348 Vide
402 2285 476 2347 alios
499 2285 622 2348 effectus
646 2285 848 2348 recensitosa
875 2284 1139 2368 Schmalzgruelrer

171 2375 231 2454 (ap.
248 2373 354 2452 Bonis,
367 2374 538 2453 Heluetia,
553 2381 615 2436 tom
629 2379 660 2452 2,
671 2391 702 2456 p.
720 2377 797 2452 193).

211 2467 301 2528 5927.
324 2497 363 2511 -
383 2466 420 2527 Il.
443 2465 488 2527 De
504 2464 677 2546 juramento
698 2462 951 2526 calumniaretur
965 2477 1138 2545 juramenta

171 2552 308 2614 veritatis
327 2561 357 2615 et
375 2551 501 2616 malitiae
516 2553 743 2632 :iuramentum
758 2551 914 2614 calumnior
933 2559 979 2616 est
991 2553 1065 2616 illud
1080 2574 1138 2637 quo

171 2647 270 2721 partes
284 2641 432 2722 litigantes
443 2643 544 2721 iurant
558 2640 640 2723 quod
653 2640 827 2720 injudicio,
842 2642 904 2702 tam
918 2641 1037 2722 agendo
1048 2648 1136 2726 quarn

172 2728 347 2810 excipiendo
361 2737 390 2791 et
400 2729 607 2808 defendendo,
623 2729 737 2810 absquo
751 2728 897 2802 lraudect
909 2730 1064 2794 calumnia
1080 2752 1138 2795 ner-

172 2817 230 2878 sari
239 2818 403 2898 omniaque
417 2818 497 2880 bona
509 2817 570 2880 lide
583 2835 728 2900 peragere
741 2815 842 2880 velint.
858 2819 901 2880 lta
914 2817 1136 2902 Schmalzgrue·

174 2905 226 2967 bar
245 2923 254 2966 t
274 2911 359 2967 etex
376 2904 432 2967 hac
454 2905 630 2970 definitione
650 2912 732 2988 patet
750 2905 958 2986 juramentum
979 2907 1138 2974 calumniae

173 2993 281 3056 versari
296 2995 376 3057 circa
388 2999 479 3056 totam
494 2995 589 3058 litem.

213 3086 302 3146 5928.
325 3085 538 3147 iuramentum
551 3085 688 3147 collatis
710 3089 756 3146 est
767 3081 842 3146 illud
861 3101 923 3164 quo
936 3085 1006 3166 quis
1015 3086 1137 3166 juratae

174 3173 248 3234 velle
261 3173 416 3236 veritatem
430 3172 548 3236 dicere:
565 3173 697 3255 praeslari
720 3177 816 3254 polest
834 3191 924 3254 super
937 3173 1081 3255 speciales
1094 3195 1137 3239 ar-

174 3261 291 3338 ticulos,
306 3263 396 3324 etiam
409 3269 476 3344 post
486 3263 651 3344 prestitum
659 3261 819 3324 calumniae
829 3261 1047 3340 iuramentum.
1059 3265 1136 3329 ldem

25 3373 32 3392 r
53 3387 57 3396 ι
175 3349 396 3413 estdicendum
417 3350 456 3413 de
467 3353 639 3431 juramento
660 3350 786 3413 malitiae
807 3368 868 3432 quo
882 3351 1001 3432 litigans
1016 3354 1136 3434 juratae

176 3455 230 3519 per
251 3437 310 3499 tale
332 3457 422 3501 snum
440 3438 555 3502 dictum
573 3449 624 3501 aut
643 3439 771 3514 iactum,
793 3457 983 3521 nequaquam
1007 3441 1135 3506 fraudent

15 3481 31 3570 ‘'ss
43 3497 48 3578 ,³
177 3523 343 3586 adversario
357 3527 475 3605 moliri,
490 3527 544 3596 sed
562 3527 643 3590 bona
661 3527 719 3589 lide
741 3527 841 3606 adjus
854 3545 942 3590 suom
957 3548 1134 3614 prosequefl.

24 3615 88 3698 ζ”ἓὶμ
178 3610 252 3670 dnm
264 3627 364 3689 agere.
379 3613 466 3690 (Vide
480 3614 591 3708 aornim
606 3615 661 3692 tt,
676 3631 707 3694 p.
724 3615 805 3692 tas.)

171 3841 193 3928 ‘a
