2466 4258
301 335 386 382 uraca
407 333 541 381 rannus.
566 347 604 366 -
625 327 812 378 arrauurcas.
979 309 1035 372 ill

63 458 92 520 S.
114 453 359 535 Congregatione
384 451 590 536 praelinlatur,
620 447 705 530 quod
733 443 889 508 inutiliter
916 445 1035 528 elapso,

64 545 283 609 causadcserlu
303 551 479 618 censeatur,
504 549 533 604 et
548 537 705 603 sententia
719 534 823 600 Curiae
841 533 1039 618 Episcopal'rs

64 635 237 702 executioni
254 634 435 696 mandetur.

101 723 145 786 ll.
166 723 288 797 -llco,
301 732 356 785 aut
370 720 417 783 illi
431 721 486 804 qui
501 719 571 800 ejus
582 716 802 782 defensionem
815 715 966 795 suscepit,
981 723 1040 778 tra-

62 815 181 878 dendus
194 822 240 878 est
261 813 424 876 restrictus
451 825 629 891 processus,
645 806 738 890 quia
765 804 876 884 judice
905 803 1040 868 relatore

64 903 236 967 conficitur.
910 911 913 920 ¹

100 991 163 1055 llll.
178 1024 219 1038 -
244 989 466 1072 allegationes,
483 1006 539 1054 scu
554 986 757 1052 detensiones
769 982 1042 1048 Eminentissimis

64 1081 205 1144 Patribus
235 1077 465 1144 distribuenda
489 1079 576 1159 typis
601 1093 666 1137 non
696 1075 951 1150 committantur,
979 1073 1041 1138 nisi

60 1169 283 1252 judexrelator
299 1167 502 1250 imprimendi
514 1165 639 1228 reniam
654 1163 788 1226 dederit.
877 1181 880 1186 ·

102 1259 177 1324 lllll.
193 1257 517 1321 -Ceusedeiinietur
527 1261 643 1318 statuta
655 1251 707 1313 dle
722 1253 761 1314 ab
775 1249 1043 1316 Eminentissimis

65 1350 209 1414 Patribus
224 1349 256 1410 in
273 1348 368 1429 pleno
384 1345 552 1410 Auditoriu
566 1341 773 1422 congregetis.

102 1437 319 1503 lX.-Eidem
333 1435 579 1518 congregationi
588 1433 775 1496 Procurator
782 1427 1042 1510 GeneralisFisci,

64 1541 92 1596 et
107 1531 207 1594 ludex
220 1528 338 1590 relator
352 1527 540 1589 intererunt.

102 1619 139 1682 ll.
162 1650 203 1665 -
215 1616 315 1678 ludar
329 1615 446 1677 relator
460 1614 501 1676 de
521 1621 588 1677 toto
609 1620 693 1675 statu
710 1627 814 1674 causae
838 1610 878 1674 ed
893 1609 1045 1674 liminen-

68 1710 202 1771 tissimus
230 1707 336 1766 Patres
363 1703 468 1779 refert,
498 1711 529 1766 et
554 1701 745 1766 Procurator
772 1697 937 1763 Generalis
964 1701 1045 1766 Fisci

67 1797 160 1861 stabit
175 1811 231 1876 pru
242 1791 335 1855 Curia
350 1791 542 1874 Episcopali,
558 1807 696 1873 suasque
706 1787 926 1854 conclusiones
940 1791 1047 1873 expla-

68 1887 165 1950 nabit.
185 1935 188 1944 ,

105 1975 156 2040 xl.
173 2009 213 2022 -
238 1974 308 2038 Post
324 1972 393 2036 haec
409 1971 659 2035 Eminentissimi
677 1970 786 2034 Patres
801 1968 956 2054 judicium
974 1989 1046 2054 pro·

66 2071 180 2144 ferent,
203 2066 394 2127 sententiam
411 2061 513 2124 Curiae
539 2060 735 2142 Episcopalis
759 2069 814 2125 aut
829 2061 1048 2128 confirmando

66 2166 122 2221 eut
137 2153 330 2218 infirmando
344 2159 399 2214 eut
415 2151 510 2213 ctiam
524 2148 737 2213 reformando.

107 2245 169 2308 llll.
198 2277 237 2290 -
264 2240 386 2305 Prolata
411 2239 567 2304 sententia
592 2257 655 2301 una
680 2257 755 2303 curn
779 2241 930 2306 omnibus
961 2241 1049 2306 Actis

67 2353 170 2400 causae
184 2334 223 2397 ed
246 2330 390 2394 eamdem
413 2329 539 2392 Curiam
564 2327 786 2412 Episcopalem
811 2333 997 2409 remittitur,
1014 2338 1051 2396 ut

67 2443 137 2490 etur
154 2427 339 2504 exequatur.

109 2512 188 2576 Xlll.
204 2545 244 2558 -
257 2510 393 2586 llerisio,
407 2527 465 2574 eeu
479 2507 652 2590 recognitio
664 2509 710 2571 rei
723 2509 871 2592 iudicata
891 2529 955 2575 non
972 2529 1049 2576 cun·

69 2603 203 2675 ceditur,
220 2600 280 2664 nisi
309 2600 377 2682 ejus
398 2598 583 2672 ,tribuendae
601 2607 738 2680 potestas
754 2619 771 2662 a
798 2600 970 2664 Sanctitate
987 2601 1051 2666 Sua

70 2692 152 2754 lacta
167 2689 271 2766 luerit,
290 2697 321 2753 et
331 2690 457 2752 subsint
471 2689 667 2768 grauissima
680 2705 796 2770 causae,
814 2707 909 2772 super
932 2691 1051 2773 quibus

70 2779 221 2860 cognitio,
236 2786 266 2842 et
283 2777 441 2861 judicium
464 2776 503 2842 ed
528 2777 658 2860 plenam
680 2777 962 2862 Congrcgationem
979 2799 1052 2864 per·

69 2871 162 2930 tinet.

114 2955 192 3022 xlv.
213 2989 245 3006 -
262 2958 369 3020 Sciant
384 2957 524 3040 denique
541 2956 645 3021 Curiae
657 2957 862 3041 Episcopalcs
881 2978 935 3040 per
953 2961 1054 3023 novis-

68 3048 168 3110 simas
185 3048 279 3128 leges,
297 3066 368 3129 qua
383 3047 420 3109 ad
450 3045 670 3127 investiganda
684 3055 715 3110 ct
730 3046 906 3111 coercenda
918 3049 1053 3112 crimina

70 3153 130 3215 pro
144 3135 371 3199 Tribunulibus
391 3135 480 3198 laicis
497 3136 705 3218 promulgatae
725 3147 810 3216 sunt,
835 3137 914 3198 nihil
931 3135 1053 3201 detrac-

69 3231 142 3283 tum
155 3239 222 3283 asse
236 3223 276 3284 da
299 3223 420 3302 formis,
443 3233 474 3287 et
492 3225 610 3306 regulis
629 3225 804 3304 canonicis,
822 3243 900 3306 quas
915 3227 1052 3306 proinde

69 3310 163 3391 sequi
178 3311 306 3374 omnino
329 3311 457 3388 debent,
474 3331 537 3377 non
564 3313 658 3376 modo
685 3316 718 3376 in
749 3314 950 3378 conficiendo
980 3334 1053 3396 pro-

68 3417 178 3476 cessu,
195 3401 235 3464 ad
255 3419 349 3482 quem
366 3411 509 3481 spectant
521 3403 591 3466 haec
604 3405 701 3466 rerba
716 3403 819 3468 Edicti
834 3393 1054 3469 diesnovenr-

67 3492 138 3553 bris
156 3508 164 3551 :
179 3523 215 3538 -
233 3488 317 3552 Nihil
342 3490 521 3567 innovetur,
536 3499 692 3574 quantum
705 3493 744 3554 ad
754 3493 877 3573 judicie
891 3493 1055 3556 ecclesias-

68 3583 296 3662 ticapertlnet3
314 3581 527 3642 verumetiam
544 3581 575 3642 in
593 3583 694 3663 poenis
710 3581 931 3659 decernendis,
947 3597 1056 3664 quem-

67 3669 249 3733 admodum
273 3669 305 3732 in
329 3667 505 3750 appendice
539 3669 682 3752 ejusdem
715 3669 817 3734 Edicti
846 3673 890 3736 ita
926 3679 1038 3736 cautus
