2452 3984
195 192 254 258 2⁰0
414 211 552 258 uenuste
572 191 672 258 rarius
691 209 773 257 tunrs
796 211 943 258 uruonror.

197 312 367 374 troverlltur
386 327 426 372 an
446 310 552 372 debeat
572 307 664 390 judex
683 308 898 371 decernerent
920 328 989 390 pars
1013 310 1162 375 discedens

197 395 299 460 redeat
312 397 349 460 ad
359 399 533 479 coniugem,
544 399 581 460 ed
589 397 670 479 qudd
678 397 733 478 ipsi
744 398 832 460 liceat
841 397 1030 479 Religionem
1041 400 1160 483 ingredi

199 486 401 550 communiter
414 495 516 550 tamen
530 489 593 550 ult.
606 486 773 563 affirmant,
789 485 840 548 sed
849 485 947 567 quoad
957 485 1163 552 habitationem

199 576 314 637 tantum
336 595 398 638 non
417 583 518 638 autem
533 575 633 657 quoad
651 581 751 638 torum
773 575 900 653 (Bouix,
916 573 971 652 tt,
986 595 1018 659 p.
1040 581 1122 658 tea).
1136 581 1162 640 lu

198 663 332 727 secundo
352 682 445 742 casu,
464 663 656 728 decernenda
676 671 720 726 est
738 665 755 726 t
776 663 878 744 judice
900 665 1068 746 restitutio,
1084 667 1164 730 etiam

199 753 299 836 quoad
313 759 424 816 torum.
436 753 511 816 Vide
525 771 615 834 supra
629 755 730 831 (ttae,
746 755 827 830 etc).

240 846 328 906 6078.
343 844 465 916 Ouaerit.
477 847 507 906 l⁰
523 841 601 915 Ouid
615 843 652 903 sit
665 840 818 922 egendum
833 860 906 904 casu
919 861 982 924 quo
992 843 1105 925 coniux
1118 844 1165 908 dis

200 930 310 994 cedens
336 931 495 1014 pretendit
523 931 649 993 existere
678 929 928 1010 impedimentum
951 930 1116 1014 dirimens,
1142 941 1165 996 et

200 1020 274 1104 alter
287 1021 360 1102 petit
371 1039 403 1083 se
412 1019 525 1082 restitui
542 1021 573 1081 in
587 1019 809 1100 possessionem
823 1019 988 1101 conjugis?

241 1113 330 1192 Resp.
347 1109 400 1172 Vel
420 1108 645 1170 matrimonium
667 1107 804 1170 nondum
829 1108 884 1170 luit
904 1117 1165 1188 consummatam,

201 1199 245 1261 vel
263 1200 324 1277 jam
339 1205 384 1260 est
397 1203 656 1258 consummatum:
674 1196 705 1257 in
719 1196 811 1278 priori
826 1215 898 1260 casu
910 1243 917 1274 ‚
931 1198 955 1258 si
972 1199 1167 1280 impedimen·

201 1293 267 1350 tum
281 1288 318 1349 sit
331 1284 500 1356 notorium,
516 1303 577 1346 non
591 1283 680 1347 debet
692 1284 790 1346 audiri
804 1287 914 1365 conjux
929 1293 1035 1366 petens
1053 1290 1167 1352 restitu-

202 1377 314 1438 tionem
323 1423 331 1454 ,
340 1374 392 1438 sed
400 1375 492 1455 judex
501 1374 590 1436 debet
603 1373 703 1435 statim
718 1373 755 1435 ad
765 1392 886 1436 eausam
899 1375 1168 1458 nullitatiscognos

203 1465 330 1527 cendam
352 1470 383 1525 et
404 1462 605 1526 dirimendam
629 1463 810 1544 procedere,
834 1464 918 1541 juxta
943 1461 1072 1527 sormam
1097 1467 1169 1528 inira

202 1553 362 1616 dicendam
376 1555 475 1630 (6087,
491 1556 572 1630 etc.);
588 1552 612 1613 si
628 1550 878 1633 impedimentum
893 1570 955 1614 non
970 1553 1007 1614 sil
1022 1555 1168 1619 notorium

203 1643 255 1705 sed
270 1642 307 1704 sit
319 1641 467 1719 dubium,
482 1648 554 1704 tunc
569 1640 716 1722 possessio
730 1639 837 1702 valoris
855 1647 900 1703 est
913 1659 1006 1724 penes
1021 1645 1168 1708 matrimo·

204 1731 304 1804 nium,
320 1737 350 1794 et
360 1731 392 1793 in
406 1729 464 1792 hoc
477 1749 548 1792 easu
558 1730 669 1809 conjux
683 1729 797 1791 restitui
812 1727 899 1791 debet
911 1731 1012 1810 quoad
1025 1731 1168 1796 habitatio

205 1839 294 1899 nem,
315 1839 377 1883 non
402 1826 502 1882 umen
523 1819 589 1898 cogi
613 1817 713 1899 quoad
736 1823 851 1894 torum,
879 1819 1031 1900 pendente
1062 1821 1111 1884 lite
1134 1823 1168 1886 de

1207 1057 1209 1080 l

1209 1253 1210 1270 l

1209 1271 1210 1288 l

204 1909 303 1973 valore
325 1907 527 1985 matrimonii,
543 1908 598 1970 etsi
622 1924 696 1969 usus
721 1906 905 1968 matrimonii
928 1907 965 1970 sit
985 1908 1083 1972 licitus
1103 1929 1167 1974 casu
1211 1945 1212 1966 r

204 2019 266 2082 quo
280 2000 360 2063 bont
373 1997 433 2060 fide
447 1997 502 2059 fuit
513 2001 718 2071 contractum3
734 1995 760 2056 si
773 1995 844 2058 vero
856 1995 1104 2078 impedimentum
1119 2019 1167 2062 raon

204 2090 350 2153 notorium
376 2087 414 2149 sit
440 2093 576 2164 certum,
601 2093 631 2147 et
653 2103 721 2167 pers
749 2083 893 2146 recedens
916 2084 1026 2148 habeat
1048 2089 1168 2152 rationes

206 2183 340 2262 paratas,
355 2173 504 2239 audienda
522 2179 581 2248 est,
602 2179 650 2250 et,
676 2172 801 2254 probato
824 2173 1058 2255 impedimento,
1078 2177 1167 2240 alual-

206 2265 302 2329 venda
315 2271 360 2327 est
372 2264 410 2325 ab
424 2262 606 2344 obligatione
623 2263 817 2324 matrimonii.
834 2263 864 2324 Si
879 2269 980 2326 autem
995 2283 1057 2326 non
1072 2265 1168 2328 habeat

206 2356 337 2418 rationes
351 2357 489 2434 paratas,
506 2349 696 2412 decernenda
709 2351 802 2432 ipsius
818 2353 965 2416 restitutio
978 2353 1080 2436 quoad
1092 2355 1165 2418 habi-

205 2445 368 2521 tationem,
380 2458 442 2504 non
459 2439 557 2522 quoad
568 2447 686 2518 torum,
701 2439 799 2504 donee
817 2442 1030 2523 pronuntietur
1042 2445 1073 2506 in
1086 2447 1167 2508 must

208 2533 361 2599 nullitatis.

247 2628 336 2687 uate.
352 2623 386 2682 ln
400 2619 534 2684 seeundo
552 2637 641 2697 casu,
657 2637 710 2681 seu
725 2619 917 2682 matrimonio
937 2625 1091 2704 supposito
1104 2641 1167 2685 con·

207 2718 374 2788 summata,
389 2707 414 2771 si
423 2708 673 2791 impedimentum
684 2707 772 2770 luerit
785 2709 937 2772 notorium
947 2757 956 2790 ,
967 2711 1076 2775 eodem
1088 2711 1169 2774 modo

206 2803 298 2883 judex
316 2799 404 2862 debet
421 2805 494 2860 tunc
507 2816 539 2860 se
558 2815 661 2879 gerere
682 2815 717 2859 ae
737 2797 768 2859 in
781 2815 855 2860 casu
873 2817 934 2878 quo
951 2801 1167 2864 matrimonium

209 2897 254 2954 est
275 2889 417 2951 duntaxat
442 2891 557 2963 ratum3
582 2886 606 2948 si
629 2887 783 2949 veronen
807 2886 896 2948 luerit
917 2890 1089 2970 notorium,
1109 2889 1168 2950 licet

208 2987 325 3044 eertum
336 2983 425 3056 ‚tunc
433 2975 549 3038 etiamsi
560 2994 628 3057 pars
637 2973 795 3038 discedens
807 2975 930 3039 haberet
939 2983 1058 3059 paratas
1071 2978 1166 3062 proba·

209 3071 306 3134 tiones
321 3063 535 3148 impedimendi
546 3065 679 3145 allegati,
695 3064 878 3128 restituenda
891 3071 937 3129 est
950 3065 1051 3148 quoad
1063 3067 1167 3132 hobitu-

209 3163 342 3235 tionem,
358 3173 420 3220 nou
437 3155 508 3218 vero
522 3154 622 3236 quoad
635 3159 735 3216 torum
751 3155 831 3236 (cap.
848 3155 978 3218 Litterae
994 3157 1044 3235 l3,
1058 3157 1102 3218 tit.
1117 3157 1165 3228 lt,

208 3251 262 3314 lib.
278 3245 457 3324 issecret.);
473 3249 503 3306 et
520 3244 545 3305 si
565 3261 627 3305 non
641 3241 781 3304 hebuerit
793 3243 923 3306 rationes
939 3249 1077 3326 paretes,
1091 3241 1165 3306 resti·

210 3337 321 3403 tuenda
340 3340 405 3412 est,
425 3332 514 3396 etiam
533 3332 633 3413 quoad
646 3338 762 3410 torum,
778 3331 847 3414 quia
868 3333 1063 3414 presumitur
1079 3339 1165 3396 contu

210 3449 273 3490 corn
294 3443 360 3508 quie
378 3421 441 3486 sine
457 3421 576 3504 judicio
597 3421 755 3491 Ecclesia,
780 3419 832 3482 suci
856 3423 969 3482 tantum
992 3423 1164 3492 temeritate,

211 3516 328 3577 recessit
339 3511 441 3575 duim.
455 3513 500 3574 Ite
506 3514 664 3573 Innocent.
676 3510 715 3572 lll
725 3509 758 3573 in
770 3509 858 3572 citata
872 3511 1028 3573 Decretali.
1042 3515 1166 3572 Alterum

212 3603 298 3666 stilla
310 3619 379 3683 pars
397 3599 437 3666 sit
454 3605 536 3663 certa
553 3596 779 3681 impedimenti,
790 3613 855 3665 auu
871 3599 1062 3665 conscientie
1078 3598 1167 3682 potius
