2466 4258
274 223 332 287 730
493 239 633 287 utuutcc
650 240 756 287 reatus
775 239 858 288 tuate
879 239 1022 290 macuto.

272 367 368 421 suste
380 357 488 424 sormae
502 355 619 420 tuerint
633 359 768 436 omissae,
791 367 823 420 et
839 367 946 422 utrum
960 377 1015 440 pro
1027 376 1179 440 personna⁴

274 450 428 524 tucrum,
459 457 489 509 et
516 446 785 510 consuetudinum
815 447 1056 511 circumstantiis
1080 466 1181 528 sponsa:

273 537 483 600 nihilominus
497 536 601 600 valide
624 535 743 598 tuerint
754 544 928 614 perstructa,
946 555 984 598 eu
997 536 1075 619 quod
1089 535 1181 613 utrinqu

272 626 418 689 voluntas
440 643 507 689 sese
529 625 694 706 obligandi
716 643 787 690 vere
802 626 1024 703 intercesserit,
1038 633 1117 708 atqua
1128 625 1154 685 ita
1169 663 1183 679 a

271 735 308 778 ex
320 716 393 796 jure
408 714 671 796 impedimentum
685 715 891 779 constituant.
905 714 940 779 Iu
957 715 1041 778 butte
1052 717 1129 778 iineu
1140 731 1183 792 pt·

272 815 318 866 ter
331 804 391 866 aiis
407 805 613 886 quaerendum
634 813 691 880 est,
722 803 839 885 quibus
864 806 983 879 verbis,
1006 804 1051 868 rei
1070 802 1140 866 iactis
1153 818 1176 860 s:

272 893 413 956 futurum
429 894 667 956 matrimonium
690 893 918 976 promiserint;
946 902 1051 957 utrum
1075 891 1182 976 prouisa

168 1043 170 1048 .
271 982 312 1045 ab
339 995 472 1064 utraque
502 993 589 1063 parte
609 983 817 1061 processerit3
845 991 876 1044 et
899 983 927 1046 si
951 985 992 1046 ab
1017 1001 1076 1046 una
1096 989 1175 1043 tantm

271 1079 376 1136 utrum
390 1073 529 1135 aiiaeam
542 1073 751 1153 acceptaverit
765 1073 833 1134 'sive
852 1071 960 1136 verbis
971 1073 1034 1136 sire
1052 1070 1134 1146 iactis
1150 1085 1180 1128 ss

272 1163 369 1243 siguis
382 1162 663 1244 aequiraientibus;
679 1173 862 1244 utrumpost
876 1163 984 1225 datam
1005 1161 1178 1244 promissum

273 1253 415 1333 pretensi
430 1253 537 1334 sponsi
563 1252 779 1334 reputaverint
807 1269 874 1314 sese
890 1251 1088 1315 matrimonio
1105 1255 1179 1310 conus

272 1341 551 1422 bendoobligatos,
576 1359 617 1404 an
638 1341 768 1405 liberos.
789 1339 856 1402 Erit
876 1359 1009 1424 quoque
1023 1335 1178 1422 inquirenti:

270 1431 309 1494 de
334 1447 521 1508 sponsorum
538 1429 730 1506 conditione,
748 1437 856 1492 utrum
871 1432 993 1494 scilicet
1008 1447 1042 1494 ea
1056 1428 1112 1490 tatis
1122 1425 1153 1487 sit.
1165 1430 1178 1478 .:

274 1519 417 1598 praesumi
433 1535 497 1580 non
508 1519 604 1600 possit
623 1535 727 1581 veram
740 1519 772 1581 iu
788 1519 866 1602 ipsis
878 1519 1070 1582 voluntatem
1080 1533 1129 1578 sese
1143 1529 1175 1570 tt¹

272 1617 326 1671 tuo
336 1607 500 1688 obligandi
515 1606 664 1672 adfuisse.

307 1697 357 1761 33.
379 1697 540 1771 Quatenus
563 1713 655 1760 cesus
683 1699 798 1779 exigat,
820 1697 1049 1780 inquirendum
1060 1689 1170 1758 macerit

270 1787 591 1868 quamtatepraeteusi
621 1786 728 1868 sponsi
748 1787 807 1850 sibi
833 1787 975 1850 inuicem
1008 1779 1166 1848 marituma

271 1875 485 1958 promiserint.
525 1873 651 1938 Etenim
679 1876 838 1958 sponsalia
864 1877 903 1939 ab
934 1869 1160 1944 intenebrati*

272 1966 381 2046 majori
397 1981 471 2028 cum
495 1962 615 2028 infante
629 1977 800 2042 contracta,
830 1967 982 2047 ipsoJure
1005 1955 1164 2027 nullastttti

270 2055 532 2135 impedimentum
556 2054 691 2137 pubiicae
706 2055 881 2119 honestatis
896 2055 1026 2136 gignere
1036 2069 1087 2116 nott
1106 2045 1165 2139 uiti·
1183 2041 1184 2108 i

268 2145 369 2218 Quare
393 2143 424 2205 in
441 2143 502 2207 hoe
525 2161 600 2205 casu
616 2145 844 2226 inquirendum
865 2145 925 2207 erit
939 2145 981 2208 de
1002 2135 1167 2221 cumbelum?

267 2249 389 2308 eorum,
420 2234 578 2314 aquibus
616 2235 776 2316 sponsatis
805 2233 934 2297 fuerunt
958 2237 1105 2298 contracte
1123 2224 1166 2300 (Ιῠ11ιῖ

268 2323 358 2386 facile
389 2323 441 2386 fiet
469 2321 573 2404 petitis
596 2323 796 2386 documentis
822 2341 860 2388 ex
886 2323 979 2387 tibris
1013 2319 1165 2402 baptiatttttt

268 2425 362 2496 atque
375 2432 412 2477 ex
430 2414 610 2477 testimonio
634 2424 814 2495 parentum,
842 2415 908 2476 eive
933 2403 1116 2486 atterunqti
1133 2409 1167 2488 p·

268 2523 374 2582 sonas,
400 2503 440 2568 de
460 2504 705 2586 quibusagitur‚
733 2511 941 2584 cognoscunt.
964 2501 995 2567 Si
1011 2477 1180 2586 constituisti

267 2605 358 2658 aetate
371 2589 620 2658 adhuciniantili
633 2592 794 2675 sponsatis
816 2593 895 2655 inita
911 2593 1019 2664 tuisse,
1045 2585 1162 2652 inputet·
1178 2589 1179 2680 i

267 2685 344 2747 dum
360 2685 431 2760 erit,
445 2691 552 2746 utrum
569 2691 640 2764 post
660 2682 863 2764 septennium
878 2679 997 2746 fuerint
1009 2663 1160 2741 renotatam
1177 2701 1178 2794 p

268 2773 560 2837 saltemratiticata.
1135 2836 1139 2846 Ι
1176 2823 1177 2826 ,

305 2861 355 2926 at.
379 2859 411 2925 st
428 2877 512 2937 vero,
530 2861 751 2944 utaliquando
765 2861 929 2943 contingit,
950 2840 1156 2944 sponsalitiumt
1176 2829 1177 2909 i

267 2949 484 3036 aparentibus
497 2961 668 3024 contracta,
682 2952 781 3031 judex
796 2967 967 3032 agnoscere
987 2940 1151 3014 candidii
1175 2939 1176 3024 i

266 3059 339 3106 nam
364 3039 463 3102 etatis
487 3037 603 3104 fuerint
621 3042 682 3124 ipsi
705 3041 773 3117 tilii,
798 3040 928 3123 quando
956 3053 1056 3105 eorum
1074 3021 1153 3120 ΡΝ

266 3129 526 3193 eademin'erunt
537 3149 545 3206 ;
557 3130 632 3212 quia
644 3129 713 3194 siin
727 3138 820 3194 astate
831 3129 936 3194 adbuc
952 3104 1155 3221 infantilium}

266 3227 386 3283 certum
402 3225 448 3280 est
476 3227 672 3283 contractum
688 3219 813 3282 irritum
830 3218 926 3283 tuisse
943 3237 951 3294 ς
967 3219 992 3282 si
1007 3225 1066 3276 vcro
1081 3196 1111 3262 ssi
1126 3209 1156 3301 te·

265 3308 400 3391 puberes
414 3307 464 3372 vei
484 3309 630 3386 puberes,
662 3319 845 3373 contractus
868 3317 945 3372 tunc
969 3285 1157 3407 soiuuutdtfs

267 3399 449 3476 pausasset,
460 3398 550 3461 sitilii
564 3417 709 3481 expresse
722 3399 769 3463 vei
783 3397 896 3462 saitem
906 3397 997 3460 tacite
1006 3384 1141 3474 conpenset
1148 3401 1158 3432 ¹'

266 3498 319 3550 aut
336 3497 442 3567 postea
456 3490 615 3572 sponsalia
641 3507 752 3552 ectum
782 3490 911 3552 nomine
925 3507 943 3552 a
957 3475 1102 3569 parotidis
1115 3463 1155 3573 Ψ

266 3577 461 3642 ratificarint.
489 3579 588 3660 Igitur
624 3579 850 3661 inquirendum
882 3579 941 3642 erit
974 3575 1009 3639 de
1030 3549 1156 3629 m⁰d⁰³ih⁰
