2548 3988
448 331 534 380 narn
553 333 686 380 smnus.
837 363 841 372 ,
997 319 1057 396 333

84 451 120 496 se
132 430 243 495 habere
258 438 290 494 ut
304 438 496 496 censuratnm
510 444 580 515 quta
595 435 744 515 possessio
754 439 812 496 stat
821 454 876 517 pro
890 437 1054 518 superiora

85 530 118 585 et
131 521 211 584 idam
232 519 395 588 dicendum
413 522 438 584 si
455 521 584 585 dubium
603 521 640 584 sit
657 522 696 585 da
709 529 853 604 potestate
873 525 1054 607 superioris,

86 610 211 694 quando
231 610 280 673 bic
298 611 423 692 pacifice
445 629 512 673 eam
534 610 666 692 possidet
679 613 721 690 (S.
737 613 816 694 lig.¹
831 611 884 675 lib.
904 617 935 690 ἵ,
951 615 1054 696 n06'l).

87 703 123 764 ln
138 699 231 763 dubio
245 719 282 762 an
298 717 425 763 censura
440 699 478 761 sit
484 701 565 779 justa
579 717 693 778 neone,
708 699 856 783 quidquid
870 702 971 765 dicant
984 723 1058 768 non·
1130 753 1133 758 .

90 789 163 852 nulli
178 807 227 871 ap.
239 790 270 852 S.
283 789 404 870 Lignor.
419 789 519 851 verius
532 794 578 851 est
589 787 753 852 dicendum
766 789 849 870 qubd
862 789 943 870 justa
957 793 995 854 sit
1008 793 1059 856 ha-

89 878 209 956 benda,
230 877 302 960 quia
329 878 360 938 in
384 877 477 939 dubio
500 876 632 960 possidet
656 884 784 960 potestas
807 879 968 960 superioris
990 881 1056 962 (ab,

90 969 124 1030 n⁰
133 970 193 1046 68).
213 967 288 1028 Vide
301 985 367 1048 cap.
388 964 471 1028 Illud
477 1013 487 1041 ,
502 965 796 1028 dealemcoeaeomm.
808 969 894 1044 llam,
908 968 976 1032 licet
988 989 1058 1034 reus

90 1055 198 1118 babeat
211 1055 384 1137 opinionem
398 1053 585 1136 probabilem
596 1073 652 1136 pro
665 1073 709 1134 se,
719 1061 838 1118 tenetur
851 1075 955 1137 parere
964 1057 1057 1138 judici

90 1144 204 1225 aliquid
214 1145 397 1226 praeoipienti
407 1143 465 1206 sub
473 1145 612 1219 eensurd,
623 1162 651 1205 v.
664 1163 694 1226 g.
707 1143 887 1207 solutionem
898 1147 1056 1228 pecuniae:

91 1232 132 1295 ita
149 1233 368 1310 communiter,
383 1233 455 1315 quia
471 1232 544 1296 aliis
563 1251 721 1314 nunquam
735 1231 894 1296 linirentur
907 1235 985 1299 lites.
1001 1237 1058 1310 Oui

90 1327 192 1384 tamen
211 1328 288 1385 esset
308 1328 408 1385 oenus
425 1320 463 1383 de
481 1325 536 1384 sut
554 1322 744 1397 innocentia,
763 1339 821 1385 neo
840 1323 954 1388 solvere
973 1332 1057 1390 tene-

92 1419 193 1490 retur,
209 1429 265 1474 nee
281 1429 315 1474 se
332 1417 484 1493 gererent
505 1417 698 1474 consumtum
716 1411 747 1473 in
767 1409 898 1493 privato;
913 1414 938 1476 si
957 1421 1058 1480 autem

92 1499 159 1562 talis
172 1500 202 1561 in
212 1498 334 1581 publico
344 1517 503 1562 censuram
513 1500 646 1576 violaret,
658 1519 687 1560 v.
699 1519 728 1581 g.
745 1499 837 1562 saeris
849 1501 1057 1584 ministrando,

92 1587 147 1650 etsi
170 1587 416 1669 irregularitatem
446 1605 508 1650 non
531 1587 934 1664 incurreret‚ct1mrevert
956 1610 1058 1658 eoram

92 1679 156 1739 lieo
168 1693 230 1738 non
243 1677 282 1738 sit
294 1680 422 1739 censura
432 1677 540 1758 ligatus
550 1724 558 1750 ,
568 1681 815 1757 peecarettamen
829 1675 870 1738 ob
884 1680 1059 1745 scandalum

92 1771 122 1829 et
136 1767 154 1828 'a
166 1763 267 1845 iudice
285 1766 376 1828 etiam
389 1765 490 1848 puniri
506 1769 605 1846 posset
625 1763 683 1825 nisi
697 1763 816 1844 publice
830 1771 979 1831 constaret
992 1789 1060 1834 oen·
1094 1833 1103 1846 ,

92 1871 196 1918 suram
207 1873 273 1917 esse
287 1854 413 1917 nullam.
426 1855 457 1916 S.
472 1853 595 1934 Liguor.
607 1849 673 1928 (ib,
689 1854 758 1928 68);
774 1853 928 1931 Stremler‚
944 1855 1018 1921 ibid.

133 1946 222 2006 6432.
232 1977 267 1992 -·
278 1945 328 2006 lv.
341 1945 437 2005 Causa
446 1947 490 2004 est
499 1939 657 2023 appellatio
671 1939 801 2020 legitime
815 1940 969 2020 interjecta
982 1952 1060 2010 anto·

93 2051 186 2117 quam
205 2034 326 2096 incursa
346 2031 436 2095 luerit
448 2047 596 2106 censura,
612 2031 684 2110 quia
704 2033 769 2111 post
781 2028 873 2090 talam
887 2032 1059 2112 appellatio·

94 2141 165 2184 nem
176 2121 344 2202 jurisdictio
360 2119 472 2201 judicis
492 2125 537 2180 est
558 2135 720 2200 suspensa,
740 2135 797 2180 neo
819 2117 945 2200 proinde
965 2127 1062 2203 potest

69 2259 73 2267 .
93 2211 171 2273 serre
186 2210 362 2273 sententiam
376 2211 437 2291 qut
450 2209 519 2292 quis
535 2205 671 2270 censuris
684 2206 812 2288 ligetur;
829 2206 881 2269 aed
894 2207 919 2269 si
934 2227 1061 2276 censura

94 2308 140 2362 est
157 2301 294 2374 incursa,
310 2300 383 2381 quia
402 2315 511 2381 nempe
525 2295 580 2360 luit
599 2296 670 2360 late
682 2295 852 2372 sententie,
867 2303 940 2359 tunc
957 2299 1061 2383 appel·

96 2387 163 2451 latio
179 2407 240 2451 nnn
260 2393 382 2451 excusat
394 2386 433 2448 ab
445 2386 626 2467 obligatione
639 2384 718 2448 hane
729 2402 888 2447 censuram
902 2387 1059 2467 servandi,

95 2475 164 2540 licet
187 2479 276 2542 fuerit
298 2475 408 2556 injusta
434 2475 459 2536 si
484 2473 606 2536 nonsit
633 2473 778 2547 invalida,
803 2473 885 2554 quod
915 2475 1061 2558 contingit

94 2568 233 2650 quando,
248 2587 277 2631 v.
300 2582 409 2648 gnon
427 2562 548 2626 luerunt
566 2560 727 2623 observata
747 2559 974 2624 formalitetesd
995 2563 1061 2646 lega

94 2657 296 2740 praescriptae,
316 2651 406 2716 modo
431 2657 533 2714 tamen
551 2668 594 2712 eae
618 2648 811 2712 formalitates
829 2667 890 2710 non
909 2649 969 2714 sint
988 2671 1062 2733 praa-

94 2748 212 2826 scriptae
222 2747 279 2809 sub
291 2745 380 2826 paena
393 2739 535 2804 nullitatis
544 2741 622 2821 (oap.
634 2737 663 2801 la
673 2738 721 2799 cui
729 2740 779 2815 ab,
790 2736 905 2800 deserit.
919 2759 1058 2808 sammaa.

95 2835 127 2896 in
142 2841 185 2911 6⁰3
200 2854 267 2917 cap.
284 2832 334 2896 Ad
345 2828 559 2914 reprimendum
573 2831 603 2904 8,
618 2826 653 2890 de
665 2825 745 2909 offic.
755 2825 825 2907 jud.
841 2825 963 2908 ordin).

136 2925 224 2986 orsa.
242 2925 312 2985 Haec
327 2920 405 2983 diota
416 2915 607 2999 intelligenda
621 2923 692 2978 sunt
709 2916 799 2992 etiam
813 2914 851 2977 de
863 2918 1062 2999 appellatione

96 3015 113 3074 b
129 3014 324 3094 suspensione
342 3010 400 3072 lata
413 3009 444 3069 in
462 3007 586 3068 modum
603 3023 694 3068 merae
713 3023 830 3087 planae,
846 3024 914 3086 quae
927 3009 951 3070 si
973 3007 1062 3072 fuerit

99 3101 236 3176 incursa,
251 3117 312 3162 non
325 3095 517 3180 suspenditur
528 3113 582 3176 per
592 3093 833 3176 appellationem.

140 3187 306 3249 llistamen
330 3203 391 3249 non
415 3182 611 3259 obstantibus,
635 3181 794 3264 appellatio
819 3181 1022 3262 suspensionis
1044 3186 1062 3246 t

94 3269 255 3344 tenedum,
271 3269 375 3333 veleb
402 3289 462 3334 usn
486 3270 648 3353 pallii,vel
672 3274 687 3333 t
711 3264 1065 3339 Pontifloalibus‚babet

83 3355 1064 3440 ellectumsuspensivum,JuxtaBarbosamaD.Stremlarcita·

86 3469 154 3514 rum
174 3452 241 3528 (Des
260 3447 487 3530 panaenus,
516 3470 547 3528 p.
559 3447 629 3530 308)
647 3466 655 3509 :
675 3450 761 3511 unda
784 3443 948 3526 appellans
964 3453 1066 3526 potest

86 3561 107 3624 p
120 3543 375 3623 reiparalrnntus
384 3537 537 3614 beneficii,
547 3538 593 3600 vel
604 3537 646 3599 nti
656 3533 1065 3618 pallio,vall’0ntitioalibus

86 3631 240 3713 usquead
258 3633 448 3694 sententiam
461 3626 575 3705 judicis
589 3623 824 3704 appellationis.
914 3699 961 3758 ¹⁰*
