2526 3988
198 199 237 259 tt
419 211 556 258 annuam
576 211 676 259 rorrus
696 211 777 259 sonis
798 209 946 260 canumet.

198 319 289 376 talem
312 312 432 396 probari
454 312 560 394 debet,
585 313 707 397 quando
730 313 795 378 haec
818 313 945 398 qualitas
968 315 1172 379 communiter

198 402 341 467 omnibus
363 401 467 467 inest:
489 422 517 468 u.
534 423 578 486 g,
593 405 618 466 si
640 411 766 487 negetur
787 404 919 487 aliquem
942 424 1008 468 esse
1022 406 1173 489 probum,

198 493 308 556 mentis
321 501 504 577 compotem,
519 500 590 570 etc.;
602 493 626 557 si
640 495 711 557 vero
724 493 852 578 qualitas
868 493 908 556 sit
920 494 1020 558 solum
1033 493 1172 558 acciden-

198 581 285 660 ntis,
309 589 339 646 et
361 583 400 646 sit
420 583 563 666 requisita
585 582 623 646 ad
645 582 777 666 aliquem
800 583 1064 668 promovendum,
1088 605 1116 648 v.
1141 607 1171 667 g.

197 670 279 752 quod
293 671 330 734 sit
349 671 471 750 doctor,
487 673 552 735 haec
569 671 697 755 qualitas
710 670 864 755 probanda
882 677 928 735 est
941 673 979 735 ab
999 673 1172 756 allegante:

197 759 320 824 econtra
333 763 358 825 si
372 763 498 844 quaestio
512 767 591 825 esset
602 760 641 824 de
654 761 756 843 aliquo
768 761 953 826 removendo
966 762 1004 826 ab
1018 763 1118 827 officio
1134 763 1174 827 ob

75 919 77 922 ,
197 851 360 915 carentiam
375 852 461 916 dicta
475 851 643 935 qualitatis,
657 853 675 914 a
690 859 819 933 negante
837 851 1011 935 probandus
1026 861 1105 917 esset
1117 854 1173 918 de-

192 942 292 1006 iectus
305 942 455 1024 qualitatis
468 939 652 1022 huiusmodi.

236 1036 326 1096 5706.
349 1067 389 1078 -
409 1037 440 1095 2⁰
463 1032 492 1094 Si
515 1031 681 1114 propositio
703 1031 840 1113 negativa
861 1033 898 1094 sit
908 1029 993 1114 juria
1015 1031 1057 1112 (id
1079 1041 1126 1095 est
1147 1035 1172 1096 si

197 1129 324 1204 negetur
336 1121 449 1203 aliquid
463 1119 528 1182 lieri
543 1138 645 1202 posse,
660 1120 706 1184 uel
720 1119 837 1202 dejure
850 1120 964 1183 iactum
982 1119 1104 1204 fuisse),
1120 1131 1171 1186 aul

197 1211 226 1274 id
241 1211 323 1293 quud
338 1218 464 1292 negatur
477 1217 522 1271 est
535 1209 574 1270 de
587 1228 697 1291 genere
713 1211 951 1292 permissorum,
966 1213 1027 1274 eta
1041 1221 1173 1295 negante

196 1300 387 1384 probandum
408 1305 453 1362 est
473 1317 575 1361 revera
595 1317 656 1361 non
679 1317 745 1362 esse
765 1305 817 1364 aut
837 1318 899 1363 non
921 1297 1012 1364 fuisse
1035 1301 1170 1375 licitum,

196 1391 267 1474 quia
289 1393 392 1453 omnia
411 1389 492 1452 licita
513 1407 578 1451 esse
599 1395 823 1470 presumuntur
846 1389 903 1451 nisi
925 1389 1076 1472 prohibita
1099 1409 1171 1473 pro·

196 1479 306 1543 bantur
321 1498 330 1540 a
345 1479 391 1542 uel
411 1486 553 1560 negatum
573 1478 736 1560 degenere
755 1485 801 1540 est
820 1477 1058 1561 prohibitorum,
1079 1499 1107 1541 v.
1125 1501 1170 1564 g,

196 1575 323 1650 negatur
336 1568 467 1651 aliquem
475 1569 543 1648 jure
558 1568 690 1650 potuisse
704 1567 818 1648 occidi,
833 1575 862 1632 et
876 1575 949 1631 tunc
964 1587 1027 1631 non
1041 1588 1170 1652 negans,

196 1658 248 1723 sed
262 1658 414 1722 affirmans
427 1658 622 1721 assertionem
637 1675 723 1720 suam
736 1657 827 1720 debet
839 1659 978 1740 probare.

235 1753 325 1813 5707.
349 1782 387 1796 -
408 1751 440 1810 3⁰
461 1748 555 1826 Major
577 1745 735 1810 difficultas
753 1765 819 1810 esse
833 1747 949 1811 videtur
962 1747 1041 1812 circa
1057 1769 1171 1833 propo·

195 1839 319 1902 sitiones
333 1837 483 1919 negativas
496 1833 592 1917 sacti,··
605 1835 658 1898 sed
671 1837 759 1898 variae
774 1837 887 1918 regnlae
900 1856 969 1921 quae
983 1841 1001 1900 a
1016 1837 1171 1902 Sohmalz·

195 1927 324 2010 grueber
337 1929 395 2009 (ap.
413 1926 521 2004 Bouix,
537 1924 590 2003 ib,
606 1943 637 2006 p.
654 1927 722 2002 308)
736 1923 916 2004 traduntur,
932 1925 970 1988 ad
984 1925 1042 1990 boc
1065 1929 1170 1993 reduci

194 2035 282 2100 posse
302 2016 455 2094 videntur,
476 2021 510 2078 ut
533 2015 559 2077 is
578 2013 685 2078 debent
699 2013 826 2097 probare
847 2015 899 2098 qui
920 2015 1032 2080 iactum
1051 2021 1171 2098 asserit,

194 2109 255 2170 sive
268 2105 306 2168 de
320 2105 397 2169 lacto
417 2104 650 2166 indeterminato
670 2111 790 2185 agatur,
812 2105 873 2167 sive
891 2105 928 2169 de
948 2106 1169 2187 determinato;

194 2204 325 2258 attamen
339 2197 370 2256 in
384 2194 441 2256 hoc
455 2192 611 2276 posteriori
625 2210 715 2265 casu,
733 2212 847 2276 negans
860 2203 961 2278 posset
974 2197 1103 2279 probare
1113 2197 1171 2260 de-

194 2282 391 2348 monstrando
405 2300 437 2344 se
451 2300 512 2342 non
534 2281 666 2364 potuisse
679 2281 790 2346 factum
812 2303 973 2366 peragere,
991 2286 1063 2367 quia
1075 2307 1104 2349 v.
1120 2309 1169 2371 g„

194 2375 262 2436 alibi
285 2379 350 2435 erat
368 2371 443 2434 dum
457 2370 569 2434 lactum
587 2369 644 2434 luit
656 2381 810 2453 peractum
819 2391 828 2450 ;
845 2373 898 2436 sed
912 2375 1039 2438 minime
1053 2385 1099 2439 est
1112 2397 1170 2441 ne-

195 2463 357 2526 cessarium
371 2459 453 2544 quod
467 2459 511 2523 sic
524 2461 542 2522 t
556 2469 685 2543 negante
698 2462 859 2544 probetur,
870 2469 902 2526 ut
916 2470 1034 2528 constat
1047 2483 1084 2528 ex
1097 2485 1167 2550 cap.

193 2553 247 2616 Ec
262 2561 368 2630 tenore,
383 2549 418 2613 de
433 2548 565 2626 testitum·
579 2557 609 2613 et
621 2551 700 2634 Lege
716 2549 865 2634 Optintom
880 2555 929 2632 ll,
945 2571 974 2619 c.
985 2551 1020 2616 dc
1029 2556 1167 2622 contrat,

192 2643 234 2704 sti
275 2643 298 2705 l.

231 2664 287 2793 ἧς
300 2730 339 2794 de
352 2729 578 2813 probationibus
586 2731 617 2792 in
627 2731 919 2814 generepraemissis,
932 2733 1072 2816 quadam
1083 2753 1168 2802 nunc

194 2823 226 2884 in
240 2821 340 2902 specie
354 2823 426 2882 sunt
437 2815 565 2880 dicenda
578 2821 616 2882 de
629 2819 789 2902 precipuis
804 2821 1049 2903 probationibus,
1064 2823 1165 2890 videli-

193 2918 241 2974 cet
256 2909 294 2972 de
311 2906 520 2987 confessione,
534 2907 572 2972 de
585 2909 721 2989 testibus,
736 2909 775 2972 de
790 2911 1015 2993 instrumentis,
1029 2912 1069 2978 de
1087 2933 1166 2997 pra·-

193 2997 426 3082 sumptionibus,
439 2995 479 3060 de
484 2997 691 3079 jurejurando,
700 3005 759 3062 etc.
773 3001 971 3083 :quaomnia
983 3019 1165 3088 peragimur

193 3089 226 3154 in
239 3088 376 3173 quinque
389 3085 531 3151 articulis.

618 3246 699 3310 llil.
717 3246 738 3312 l.

555 3389 593 3438 un
607 3389 809 3442 conrassrous.

232 3533 321 3594 stoa.
344 3533 433 3594 Juxta
444 3529 674 3611 jurisconsultos
687 3533 826 3614 confessio
839 3541 884 3600 est
897 3537 1037 3604 omniurn
1051 3543 1162 3624 proba·

192 3617 311 3680 bonum
332 3615 449 3699 plenior
463 3625 492 3680 et
514 3618 628 3700 rapina·
648 3617 792 3686 Dividitur
807 3626 838 3686 l·
851 3623 883 3688 in
901 3622 1057 3692 distratum
1070 3633 1102 3696 at
1116 3628 1161 3692 in·
