2466 4258
182 171 239 232 ‘llll
398 189 538 238 utrumn
558 191 661 238 sonus
681 192 762 242 runis
779 169 933 242 cinomcr.

182 313 306 393 diisque
320 313 439 376 utendo
455 311 616 374 cenonicis
631 309 670 374 ad
687 311 912 392 praecerendes
935 310 1032 393 epud
1049 310 1169 375 eosdem
1230 381 1231 394 ἢ

181 412 213 464 et
233 403 445 466 eliminandas
460 401 583 464 ordinis
598 401 863 482 perturbationes.

221 491 259 553 ll.
278 525 316 538 -
335 492 379 554 Ex
395 491 445 554 his
463 490 609 554 remediis
625 489 687 553 alia
703 490 915 572 praeveniunt,
932 493 1128 574 reprimunt
1144 503 1170 555 ct

183 581 340 644 medelam
356 581 503 645 efferunt.
520 580 627 644 Priora
655 581 694 644 ad
723 579 784 642 hoc
812 579 1006 659 diriguntur
1023 593 1061 646 ut
1077 585 1170 664 impe

181 668 601 754 diantquominus'malum
625 669 787 742 adveniat,
802 673 839 732 ut
862 669 1012 732 scandali
1038 673 1168 740 stimuli,

182 756 1171 844 occasionesvoluntariae‚ceusaeoueaddelinquendumpmri

185 869 244 913 mm
261 857 494 914 removeantur.
509 848 613 910 dltera
630 847 726 910 finem
738 847 855 910 babent
873 850 1055 913 reroeandi
1072 853 1170 916 delin-

182 946 316 1022 quentes
332 947 368 1000 ut
383 939 507 1018 sepiant
523 947 735 1019 reperentque
752 936 880 999 admissi
895 937 1051 1004 criminis
1067 962 1172 1008 conse

183 1029 338 1108 quentiae.
1229 1038 1232 1047 ⁴

225 1117 276 1180 tlt.
302 1151 341 1165 -
368 1115 575 1180 Conscientiae
600 1123 630 1180 et
658 1113 834 1198 prudentiae
864 1115 1030 1182 Ordinarii
1055 1119 1171 1186 horum

171 1207 397 1271 ‚remediorum
413 1205 570 1270 incumbit
591 1205 772 1286 applicatio,
789 1205 881 1283 juxte
905 1219 1078 1271 canonum
1096 1229 1172 1291 pne

185 1298 383 1377 scriptiones,
400 1304 431 1360 et
445 1314 578 1360 casuum
593 1294 884 1376 adjunctorumque
896 1294 1108 1375 gravitatem.

225 1387 273 1450 lll.
292 1419 329 1434 -
345 1385 453 1449 Mediis
470 1403 540 1466 quae
555 1393 747 1467 praeserrent
765 1383 936 1466 precipuis
956 1401 1171 1454 accensentur

184 1476 360 1558 spiritualia
375 1476 535 1548 exercitia,
553 1475 743 1538 monitiones
757 1483 787 1536 et
809 1479 981 1555 precepta.

223 1564 259 1627 V.
291 1597 325 1612 -
352 1563 413 1626 Hes
434 1564 629 1644 provisiones
657 1562 834 1644 precedere
866 1561 960 1624 debet
993 1569 1166 1630 summarie

187 1655 257 1717 l'arti
273 1655 411 1733 cognitio
428 1671 498 1734 quoe
513 1652 552 1714 ab
567 1649 734 1715 Ordinario
748 1651 887 1716 notanda
903 1657 964 1726 est,
982 1663 1020 1714 ut
1036 1655 1080 1718 ed
1097 1659 1165 1720 ulte·

165 1747 266 1807 ¹riora
291 1744 472 1826 procedere,
492 1750 650 1825 quatenus
664 1761 746 1823 opus
769 1743 821 1816 sit,
848 1751 879 1806 et
900 1741 1080 1808 certiorem
1100 1747 1163 1809 red·

186 1837 259 1896 dere
285 1841 379 1916 queat
401 1833 597 1914 superiorem
613 1831 850 1912 Auctoritatem,
872 1835 905 1898 in
929 1855 1011 1902 cesu
1037 1840 1158 1925 legitimi

186 1943 341 1989 recursus.

224 2015 274 2078 Vl.
290 2051 325 2064 -·
346 2011 513 2078 Canonicae
533 2011 722 2076 monitiones
739 2013 833 2090 liunt,
846 2017 913 2078 sire
934 2016 967 2080 in
993 2018 1159 2103 lormapa·

186 2117 272 2170 terna
298 2114 327 2168 et
355 2114 474 2167 secreta
500 2119 557 2184 per
583 2101 751 2183 epistolam
777 2109 833 2166 eut
860 2123 918 2186 per
941 2107 1164 2192 interpositam

185 2213 365 2278 personam,
384 2197 449 2258 sive
466 2193 497 2253 in
514 2191 614 2254 lorma
632 2192 737 2272 legali,
754 2191 795 2256 lta
811 2203 918 2257 tamen
933 2205 967 2258 ut
985 2197 1029 2262 de
1044 2217 1167 2266 earnm·

184 2287 255 2352 dem
279 2285 463 2348 executione
481 2290 605 2346 constet
626 2301 663 2344 es
679 2281 788 2363 eliquo
802 2293 887 2348 ectu.

223 2377 287 2440 Vll.
307 2409 346 2423 -
376 2373 536 2448 Quatenus
564 2371 768 2434 infructuose
794 2373 990 2440 monitiones
1016 2379 1168 2459 eradant,

167 2464 370 2531 'Ordinerius
407 2463 551 2546 precipit
588 2458 690 2524 Curiae
730 2467 764 2524 ut
806 2461 1011 2544 delinquenti
1057 2470 1170 2532 attalo·

185 2577 259 2638 gum
289 2555 473 2637 injungatur
501 2563 705 2636 praeceptum,
734 2551 765 2614 in
793 2570 857 2634 quo
885 2554 1071 2619 declaretur
1092 2557 1169 2638 quid

184 2649 284 2710 eidem
302 2647 459 2726 agendum
475 2653 530 2708 aut
549 2641 762 2706 omittendum
779 2642 818 2704 sit
839 2661 914 2708 cum
942 2647 1170 2728 respondentis

185 2756 287 2822 poene
314 2735 532 2799 ecclesiastices
557 2731 815 2806 comminatione,
839 2751 938 2815 quarn
965 2737 1114 2801 incurret
1136 2739 1164 2800 iu

185 2847 258 2891 casu
276 2826 523 2906 transgresionis.

225 2915 303 2981 lllll.
321 2947 357 2961 -
375 2915 566 2994 Praeceptum
579 2913 747 2976 intimatur
758 2919 920 2994 prevento
935 2932 954 2977 a
969 2911 1153 2980 Cancellario

184 3025 289 3072 coram
312 3003 436 3066 Vicerio
457 3001 626 3072 Generali;
653 3005 720 3066 sire
744 3021 850 3066 coram
876 3003 1009 3068 duobus
1037 3002 1148 3068 testium

185 3094 405 3162 ecclesiasticis
421 3101 476 3154 eut
491 3091 580 3154 laicis
595 3093 734 3172 probate
747 3093 945 3174 integritatis.

225 3191 283 3266 gt.
309 3183 405 3244 dctus
428 3179 669 3262 subsignatura
695 3181 838 3263 partibus
862 3183 1076 3264 presentibus
1100 3191 1162 3244 eta

185 3282 344 3359 prrerrnto
359 3291 498 3354 quilque,
513 3272 539 3333 si
554 3270 640 3334 velit.

224 3365 284 3445 §d
308 3361 452 3426 vicarius
476 3359 640 3424 Generalis
668 3362 806 3440 adjicere
835 3361 917 3425 valet
949 3362 1166 3444 juramentum

185 3453 329 3519 servandi
351 3461 516 3526 secretum,
533 3460 691 3533 quatenus
704 3452 737 3516 id
753 3450 925 3533 prudenter
940 3459 1067 3534 expetat
1085 3450 1166 3514 tituli

185 3545 321 3622 indoles,
336 3545 453 3626 dequo
468 3544 581 3624 egitur.
