2452 3984
177 127 238 190 100
398 143 536 192 uerutis
556 145 657 193 rorrus
676 145 758 194 runis
778 145 926 194 csuonrcr

216 241 478 325 6061066166ςί
502 250 598 326 potest
620 246 744 328 querele
762 245 907 308 nullitetis
927 264 1001 310 cum
1020 246 1154 328 appella·
1208 188 1216 297 1

177 329 279 407 tione
308 329 363 393 isnt
379 333 655 414 nempelormult·
672 335 932 398 Dioosententiom
952 335 1153 414 6666661166
1209 314 1215 418 1

176 426 241 480 ete
238 417 335 500 sorte
349 419 419 482 talis
436 441 493 483 noo
509 423 553 485 eit
565 424 723 507 ,appello
739 423 850 488 Seded
869 423 928 487 hoc
941 423 1111 506 requiritur
1124 429 1154 488 ut
1220 435 1221 456 ¹

177 525 238 571 uon
262 507 410 574 effluxerit
423 513 602 597 tempusl
591 532 660 594 pure
673 531 729 598 pro
743 513 944 598 appellatione
956 529 1154 578 conoessum.

560 695 715 757 rnnuruu
730 697 764 758 ll.

410 831 449 878 os
468 831 681 881 nrsrrrorroun
702 832 734 880 nr
754 830 917 880 rnrsenuu.

217 961 308 1023 6065.
320 993 357 1007 -
375 964 406 1022 1·
420 958 574 1024 Restitutio
585 961 617 1022 in
631 960 782 1044 integrum
800 966 844 1023 est
858 965 942 1024 ectus
956 979 1019 1044 quo
1029 961 1085 1043 qui
1102 959 1154 1023 les·
1220 987 1221 1005 r

178 1065 245 1110 sum
261 1067 294 1111 se
308 1049 480 1128 contendit,
501 1069 557 1132 per
569 1049 701 1114 officium
720 1049 829 1130 Judicis
847 1049 1004 1113 reducitur
1028 1051 1062 1112 in
1082 1067 1156 1114 eum

178 1143 289 1200 statum
303 1139 335 1200 in
345 1157 406 1220 quo
417 1138 493 1201 soret
506 1139 531 1201 si
545 1145 657 1202 esserto
670 1139 753 1202 laesio
768 1157 830 1202 non
843 1139 1028 1222 contigisset.

220 1227 285 1290 lloc
299 1226 467 1290 remedium
480 1227 646 1310 denegatur
667 1229 699 1290 iu
719 1228 817 1293 causis
830 1227 1038 1292 criminalibus
1055 1247 1063 1290 ε
1079 1229 1157 1292 ratio
1220 1239 1221 1276 ³

178 1320 223 1378 est
237 1317 309 1396 quie
322 1335 359 1378 ex
373 1317 443 1392 Leg-
459 1317 492 1379 ln
512 1317 718 1380 criminalibus
733 1321 763 1396 l,
776 1336 805 1380 c.
820 1317 859 1380 Si
871 1317 1009 1380 adversus
1022 1315 1130 1380 delict.
1147 1337 1154 1380 :
1220 1315 1221 1324 ’

213 1431 229 1463 e
241 1403 395 1467 llelorunr
411 1402 692 1466 moresinllrmitas
716 1403 816 1466 enimi
832 1420 896 1466 nou
909 1413 1054 1470 excuset.
1070 1429 1087 1465 ι
1101 1405 1157 1470 Lo
1220 1418 1221 1452 l

172 1513 245 1558 eum
261 1509 334 1573 ergo
347 1490 443 1552 hebet
458 1489 562 1554 sollum
579 1493 611 1552 in
628 1492 731 1554 censis
747 1491 907 1554 civilibus.
1220 1535 1221 1545 .

212 1577 1154 1661 6066-611661116ιί6161616666166666661161666666116]
1220 1625 1221 1630 1

173 1667 520 1743 omnibusminoribus,
536 1666 849 1748 seniisquinondum
862 1669 1155 1750 stannoscomple·
1220 1689 1221 1696 ¹

173 1767 298 1831 rerunt,
309 1757 334 1819 si
348 1764 467 1819 constet
482 1757 565 1836 ipsos
576 1757 662 1818 leesos
677 1755 854 1828 1616666161
866 1773 901 1817 er
916 1755 1046 1818 illorum
1062 1757 1153 1826 cules
1220 1775 1221 1806 r

139 1878 143 1890 ¹
174 1849 205 1911 id
222 1846 372 1910 accideret
394 1846 476 1926 (cop.
491 1845 682 1910 Constitutus
696 1845 727 1919 8,
745 1845 780 1908 de
796 1844 829 1907 t'o
845 1844 954 1924 161666.
970 1844 1099 1924 restit).
1122 1845 1153 1906 Si
1220 1863 1221 1898 ι

175 1938 279 2000 minor
294 1934 393 2014 major
408 1933 623 1996 lectuseetum
637 1941 741 1994 retum
759 1932 917 2008 habuerit,
931 1949 994 1995 non
1003 1940 1107 2014 potest
1122 1935 1152 1995 iu
1220 1957 1221 1988 r

173 2018 1151 2105 integrumrestitui‚nisiquatennsidmejoribusconceditur.
1220 2055 1221 2082 ;

214 2113 345 2174 Nomine
358 2115 459 2173 sutem
473 2109 628 2173 minorum
649 2108 775 2173 veniunt
793 2108 886 2172 etium
907 2107 1064 2186 ecclcsiae,
1083 2125 1149 2174 mo
1220 2133 1221 2171 r

176 2199 317 2277 nestoris,
331 2197 488 2280 hospitalis
507 2203 539 2262 et
557 2197 616 2260 elio
632 2197 683 2280 pie
703 2197 790 2278 loce,
814 2215 935 2262 666666
952 2201 985 2260 et
1002 2197 1150 2265 Universi
1220 2219 1221 2260 t

175 2293 263 2352 tutes.

217 2380 306 2440 6007.
319 2373 499 2439 Conceditur
510 2376 602 2440 stram
611 2375 777 2458 majoribus
786 2376 1147 2459 restitutiomrntsgrum

93 2503 96 2509 ι
176 2463 343 2530 dummodo
366 2471 547 2529 concurrent
568 2473 629 2529 tres
642 2465 831 2529 conditiones
854 2481 994 2548 nempe.
1016 2469 1048 2528 1·
1069 2464 1148 2550 quod
1220 2485 1221 2526 l

176 2557 314 2620 constet
306 2575 387 2638 ipsos
396 2554 488 2618 luisse
498 2555 643 2632 laesos,2
654 2572 717 2618 non
726 2573 763 2616 ex
773 2555 895 2618 illorum
904 2555 1058 2638 culpes
1069 2553 1151 2638 quod

178 2646 251 2728 ipsis
273 2663 335 2708 non
349 2650 447 2727 petent
459 2645 507 2708 rie
520 2644 691 2708 mediorum
704 2641 929 2708 ordinariorum
942 2643 981 2707 sd
994 2643 1149 2709 lesionem

180 2733 394 2816 repellendum.

218 2827 309 2886 6068.
324 2823 453 2885 Multum
462 2827 564 2886 eutem
573 2821 716 2887 differunt
726 2824 857 2905 maiores
866 2828 896 2886 et
908 2823 1044 2886 minores
1052 2821 1149 2906 quoad
1218 2833 1219 2836 ’

180 2911 363 2977 beneficium
383 2911 578 2975 restitutionis
598 2913 630 2974 in
651 2912 825 2993 integrum:
847 2930 917 2975 uum
933 2917 1043 2994 praeter
1063 2912 1149 2975 modtl

179 3003 260 3066 dicte
275 3021 283 3063 ε
298 3006 329 3064 1·
344 3000 369 3064 si
383 3001 483 3064 minor
496 3001 543 3064 vel
557 3001 683 3064 ecclesie
697 3001 825 3081 graviter
845 3001 883 3065 sit
897 3001 983 3078 lesse,
999 3019 1037 3064 cx
1056 3001 1149 3064 officio

180 3091 298 3174 judicis,
315 3091 437 3154 nemine
451 3092 542 3154 etiam
556 3097 692 3174 petente,
704 3090 737 3151 in
748 3089 901 3172 integrum
915 3089 1031 3153 restitui
1046 3089 1150 3154 debet:

180 3183 255 3245 dum
270 3181 368 3262 major
377 3199 439 3242 nou
449 3181 614 3244 restituitur
624 3179 681 3241 nisi
690 3178 728 3242 ad
742 3178 836 3262 ipsius
850 3179 1040 3258 instentiem3
1051 3185 1086 3242 2⁹
1095 3197 1149 3242 me·

179 3273 260 3352 iores
275 3287 337 3334 non
351 3269 548 3332 restituuntur
562 3268 619 3330 nisi
633 3267 755 3350 quando
769 3269 813 3330 eis
826 3267 907 3331 aliud
921 3268 1096 3332 remedium
1109 3288 1150 3332 or·

182 3360 334 3423 dinarium
349 3377 411 3422 uon
425 3359 556 3442 suppetit
567 3377 574 3418 :
586 3375 674 3420 secus
685 3355 723 3420 de
737 3358 904 3420 minoribus
912 3377 921 3434 ;
938 3361 970 3419 3·
985 3359 1150 3422 minorres·

184 3447 300 3508 tituitur
327 3448 463 3530 quemvis
483 3452 581 3510 tutore
602 3446 648 3508 rel
677 3453 813 3530 curptore
834 3447 1051 3510 interveniente
1069 3447 1149 3512 laesu

186 3533 284 3609 luerit,
300 3535 374 3598 duru
388 3537 484 3616 maior
497 3534 586 3599 ctiam
603 3534 711 3598 absens
725 3553 788 3598 non
808 3535 990 3616 restituitur,
1004 3539 1032 3599 si
1045 3554 1147 3620 procu·
