2548 3988
151 166 209 230 278
368 181 506 230 usurum
525 177 624 226 rorrns
643 176 726 224 runis
746 172 896 222 ennomcr.

150 305 166 345 n
190 281 291 346 adbuc
309 279 528 362 incorrigibiles
548 279 580 340 in
606 277 659 340 sub
679 274 815 358 nequitib
835 275 1045 356 perseverent,
1074 287 1128 336 eos

152 371 367 450 rbeneiiciis,
392 371 475 450 juxto
510 383 666 432 sacrorum
692 381 846 429 canonum
872 361 1126 440 constitutiones,

153 484 167 520 n
192 461 385 543 exemptione
395 465 426 522 et
434 457 634 542 appellatione
643 456 838 538 quecumque
847 451 1132 534 remottu,privsre

155 557 282 632 possunt
295 549 447 632 Episcopi.

193 643 284 703 6265.
300 637 380 702 Nota
394 638 493 702 adbuc
506 636 588 720 quod
603 635 788 718 Episcopus,
800 637 905 697 contro
917 631 1042 694 clericos
1056 650 1127 694 con·

155 727 512 810 cubinoriosprocedens,
524 732 623 808 potest
629 724 733 806 judicii
743 721 899 787 summarii
908 721 1036 783 formem
1046 719 1128 782 adbi-

157 819 227 881 bere
237 836 245 879 ε
255 817 421 881 Concilium
433 817 515 880 enim
522 815 790 894 Trid.(sess.25,c.
801 809 973 892 dederes.)
984 810 1025 872 sit
1039 812 1128 872 :rSu-

156 929 171 966 u
197 906 460 989 predictorumque
471 903 609 968 omnium
618 903 762 985 cognitio,
771 920 833 964 non
844 899 881 962 sd
894 899 1129 962 Archidinconos

158 1019 172 1056 n
197 1014 255 1060 nec
268 997 398 1059 decanos
412 1002 463 1058 sut
476 993 551 1057 elios
564 993 735 1068 inferiores,
751 990 804 1054 sed
819 989 856 1053 ed
868 989 1033 1071 Episcopus
1050 990 1132 1069 ipsos

158 1107 173 1144 r
199 1086 362 1167 pertineat,
377 1085 430 1167 qui
442 1083 505 1146 dud
523 1083 653 1166 strepitu
665 1087 695 1144 et
707 1078 808 1166 fipurd
815 1077 931 1162 judicii
943 1086 973 1142 et
986 1076 1046 1139 sotei
1056 1074 1134 1160 [acti

158 1195 173 1233 r
199 1175 325 1236 ueritate
338 1173 466 1256 inspectu
478 1220 486 1250 ,
499 1171 653 1255 procedere
662 1172 787 1255 possint.
801 1193 816 1229 u

199 1267 288 1327 6266.
300 1295 340 1311 -
352 1265 387 1325 3·
402 1283 418 1322 r
431 1261 607 1345 Stuprumb
624 1261 733 1324 clerico
754 1259 889 1334 illatum,
911 1257 1009 1340 inquit
1027 1258 1133 1321 Devoti

161 1375 175 1414 r
200 1351 263 1426 (lib.
277 1355 309 1428 t,
324 1351 369 1414 tit.
386 1355 436 1428 tu,
451 1351 518 1433 μ,
535 1353 617 1432 etc.),
632 1348 773 1413 Ecclesiae
786 1348 868 1430 leges
881 1347 1027 1411 mulctent
1043 1349 1135 1429 poenb

161 1464 176 1501 r
201 1439 395 1524 depositionis
412 1440 451 1503 sb
470 1439 570 1504 officio
591 1445 622 1506 et
643 1457 736 1502 onere
755 1437 877 1501 dotendi
907 1437 1038 1520 puellam
1064 1455 1135 1518 quee

161 1553 176 1590 r
200 1531 261 1593 vim
279 1547 364 1612 posse
385 1535 430 1593 est
451 1531 531 1613 (cap.
556 1533 585 1607 t,
607 1529 652 1592 De
670 1526 799 1592 adulter.
822 1535 852 1589 et
872 1530 996 1608 stupro).
1017 1526 1133 1602 Hodie,

162 1643 176 1678 n
201 1627 310 1702 praeter
320 1619 516 1696 dotationem,
528 1618 697 1702 suspensio,
712 1617 825 1682 mulcta
839 1617 1023 1699 pecuniaria,
1032 1633 1137 1680 cancor

162 1731 176 1766 s
201 1707 292 1772 etium
301 1715 464 1790 perpetuus
478 1708 541 1788 (sed
556 1727 617 1771 non
627 1707 708 1791 opud
722 1711 788 1788 nos)
798 1707 924 1789 oliseque
938 1725 1036 1789 poenae
1049 1706 1137 1788 Epis,

164 1816 177 1860 r
201 1797 271 1881 copi
283 1797 407 1861 arbitrio
428 1797 616 1881 infliguntur.
632 1797 739 1861 boiens
751 1797 803 1878 qui
825 1795 998 1880 buJ'usmodi
1017 1795 1135 1859 crimen

163 1910 178 1948 r
202 1885 347 1972 patravit,
361 1892 414 1952 cut
426 1887 529 1950 dotare
541 1893 593 1951 eut
606 1904 732 1950 uxorem
745 1886 856 1950 ducere
869 1885 958 1948 debet
973 1886 1134 1949 mulierem

163 1999 177 2038 r
204 1978 347 2060 cumque
367 1977 550 2056 concubuit,
568 1977 626 2040 nisi
648 1975 730 2040 eliud
752 1981 846 2040 status
859 1993 1057 2058 personarum
1080 1982 1134 2038 eut

163 2090 179 2128 r
204 2085 306 2132 rerum
319 2065 452 2131 conditio
466 2067 614 2150 postulet,
629 2065 701 2150 quio
713 2073 786 2130 tuno
798 2067 947 2149 pecunie,
962 2065 1040 2128 dotis
1054 2065 1135 2146 loeo,

165 2179 179 2215 u
203 2157 303 2220 denda
316 2163 375 2232 est3
394 2157 500 2219 verbm
517 2156 569 2237 qui
591 2157 751 2220 mulierem
771 2155 964 2239 compressit,
980 2155 1048 2218 dett
1066 2173 1137 2218 mn-

165 2267 180 2305 r
204 2245 336 2307 trimonii
359 2243 438 2324 fide,
453 2244 479 2308 is
503 2244 644 2309 eamdem
663 2243 755 2309 fldem
783 2245 910 2308 liberare
930 2245 1055 2308 omnino
1077 2243 1136 2310 de-

164 2355 180 2394 r
205 2332 323 2396 bet...»

204 2427 294 2488 6267.
309 2426 393 2487 —40
420 2422 683 2488 «Adulterium...
703 2422 772 2508 jure
794 2421 960 2502 canonico,
983 2424 1015 2486 in
1035 2425 1135 2506 inico,

165 2533 181 2571 u
206 2513 536 2592 excommunicatione,
565 2514 597 2575 in
616 2511 744 2590 clerico,
771 2512 956 2595 depositione
976 2515 1132 2595 punitur»

166 2601 242 2683 (cop.
259 2605 290 2682 6,
310 2601 354 2664 lie
367 2601 461 2664 adult.
474 2610 504 2666 et
517 2609 634 2684 stupro,
649 2607 680 2665 ct
698 2621 765 2686 cup.
786 2603 824 2666 St
837 2603 902 2685 quis
917 2607 970 2681 to,
986 2603 1054 2666 dist.
1071 2608 1133 2684 81).

206 2696 238 2752 5⁰
252 2691 488 2756 audulterorum
500 2711 622 2774 quoque
636 2694 749 2774 poenis,
758 2693 1135 2775 aliisquegrovioribusaut

166 2803 181 2840 o
206 2779 380 2860 levioribus,
400 2783 443 2844 uti
462 2781 519 2845 sert
537 2783 612 2844 ratio
625 2782 759 2846 criminis
779 2789 808 2846 et
829 2783 987 2865 prudentie
1002 2783 1132 2867 judicis,

167 2893 181 2930 u
206 2869 376 2951 plectuntur
398 2872 557 2934 [ncestuosi
578 2872 686 2954 (Glem.
711 2873 773 2935 Eos
792 2873 845 2956 qui
870 2875 908 2950 i,
929 2873 964 2936 de
983 2867 1131 2957 consonp.;

167 2983 181 3018 s
207 2977 273 3040 cep.
289 2957 443 3022 Adulterii
461 2964 510 3040 u,
530 2981 620 3025 causa
639 2965 689 3040 32,
705 2981 736 3044 q.
758 2965 826 3041 7)...
841 2962 956 3026 Eodem
968 2961 1037 3046 jure
1057 2981 1134 3026 ecn-

168 3073 182 3110 r
208 3056 312 3112 sentur
322 3049 373 3132 qui
384 3049 484 3113 liboris
497 3050 607 3114 dedere
620 3070 742 3133 operum
756 3069 826 3114 cum
841 3055 876 3115 eb
890 3069 983 3134 quum
996 3051 1034 3116 de
1047 3072 1133 3117 sacro
1259 3057 1272 3074 “

168 3163 183 3200 o
208 3139 289 3203 sonte
303 3145 518 3222 susceperunt,
533 3141 579 3203 vel
592 3141 623 3202 in
637 3141 797 3204 chrismate
810 3147 1025 3205 tenuerunt...
1041 3165 1057 3202 u

208 3233 295 3294 6268.
312 3229 395 3293 Idem
414 3230 485 3292 dicit
506 3232 585 3311 Papo
605 3231 804 3312 Symmachus
822 3231 861 3294 de
881 3231 917 3294 iis
937 3231 990 3315 qui
1009 3240 1134 3314 peccant

168 3339 238 3384 cum
252 3322 307 3383 sut
319 3320 505 3402 poenitente:
525 3321 675 3398 «Omnes,
691 3320 810 3402 inquit,
825 3339 902 3402 quos
918 3321 949 3383 in
961 3323 1135 3404 poenitcntiri

169 3431 183 3468 r
208 3410 398 3491 suscipimus,
414 3407 454 3470 ita
468 3409 559 3470 nostri
574 3415 645 3472 sunt
654 3411 821 3491 spirituales
831 3410 896 3487 dlii,
907 3419 941 3476 ut
950 3413 1041 3495 stipsi
1056 3432 1134 3495 quos

162 3495 184 3556 'u
208 3497 254 3560 vel
271 3497 359 3562 nobis
378 3497 625 3582 suscipientibus,
640 3500 686 3563 vel
705 3501 791 3563 trinae
810 3501 969 3565 mersionis
987 3503 1133 3566 vocabulo

169 3605 184 3644 r
208 3585 427 3668 mergentibus,
447 3586 528 3650 unda
550 3587 624 3652 socri
646 3587 830 3671 bsptismatis
849 3592 1044 3672 regeneravit.
1065 3593 1132 3666 svl-
