2466 4258
173 251 231 312 nrt
400 257 543 310 ulnulas
562 259 665 308 nortus
686 259 767 308 tonte
788 259 936 307 canentur

174 381 258 442 tibus
275 376 420 439 beneficii
435 377 467 439 in
483 393 519 438 ee
535 376 691 457 portione,
707 393 781 456 quae
802 375 896 457 juxta
913 377 1077 458 prudeus
1095 379 1173 444 Ordi-

173 469 255 532 nerii
271 466 437 528 arbitrium
455 464 623 529 taxabitur.
640 465 679 527 At
699 464 725 528 si
749 483 932 546 suspensus
959 467 996 529 in
1013 469 1082 531 hec
1098 477 1174 532 tare-

176 559 261 619 tione
281 574 315 618 se
339 565 503 636 gravatum
533 557 677 634 senserit,
708 555 974 618 moderationem
1001 577 1175 639 provocare

176 645 388 730 poteritapud
410 644 531 707 curiam
556 642 875 726 archiepiscopalem,
889 652 955 708 aut
970 647 1080 710 etiam
1099 651 1174 732 apud

176 737 289 800 Sedem
306 733 532 813 Apostolicem.
1231 776 1232 779 κ

214 824 251 890 V.
269 857 307 873 -
320 823 462 907 Exprimi
477 824 553 886 item
572 822 666 886 debet
681 831 807 904 tempus
822 822 1021 889 durationis
1040 827 1174 911 ejusdem
1231 860 1232 875 ÷

177 931 290 998 pnenae.
308 913 493 976 abstineant
508 923 615 976 tamen
627 910 786 976 Ordinarii
800 913 930 995 abipsa
944 915 1138 996 infligenda
1151 919 1173 978 in

177 1011 378 1088 perpetuum.
388 1003 477 1077 Quod
492 1003 517 1064 si
531 1003 574 1066 ob
588 1003 748 1083 graviores
762 1020 877 1065 causas
893 1001 1105 1069 tlt-dinarius
1116 1027 1174 1069 ceu·

177 1094 275 1158 suerit
289 1110 358 1155 eam
372 1094 534 1174 imponere
550 1111 615 1156 ηοη
631 1091 670 1155 ad
686 1101 811 1172 tempus
823 1092 1114 1176 determinatum,
1129 1097 1174 1159 sed

178 1187 217 1249 ad
244 1199 337 1246 suum
368 1181 613 1263 beneplacitum,
630 1190 707 1244 tunc
723 1183 791 1262 ipse
808 1181 950 1244 habetur
967 1201 1037 1264 pro
1054 1197 1173 1268 tempo·

179 1291 287 1345 rsnee,
322 1269 457 1352 ideoque
483 1270 616 1334 cessabit
648 1287 721 1332 cum
751 1268 984 1349 jurisdictione
1016 1271 1171 1337 Ordinem

179 1363 417 1440 suspensionem
434 1361 619 1439 indigentie.

217 1451 268 1515 Vl.
280 1483 318 1497 -
333 1449 542 1530 Suspensioni
556 1468 594 1512 ex
608 1447 776 1514 informata
787 1449 992 1515 conscientia
1003 1453 1173 1534 justumne

181 1541 352 1620 legitimam
365 1555 494 1600 causam
510 1537 642 1621 praebet,
656 1538 790 1613 crimen,
802 1555 857 1600 seu
868 1537 971 1620 culpa
985 1559 1005 1604 a
1023 1561 1172 1626 suspenso

180 1629 360 1694 commissa.
372 1625 444 1690 Haec
459 1639 566 1690 autern
582 1627 676 1690 debet
690 1645 759 1690 esse
781 1626 919 1706 occulta,
945 1637 980 1692 et
996 1632 1046 1694 ita
1061 1635 1168 1714 gravis.
1231 1628 1232 1695 3

181 1729 215 1783 ut
231 1719 324 1780 telem
338 1727 555 1799 promereatur
566 1718 777 1799 punitionem.
1231 1706 1232 1725 ¹

222 1807 286 1872 Vll.
304 1841 344 1854 -
369 1805 415 1869 Ad
437 1805 499 1869 hoc
515 1814 620 1868 autem
644 1813 678 1869 ut
704 1805 745 1868 sit
769 1802 894 1867 occulte
919 1808 1116 1888 requiritur,
1134 1819 1160 1870 ut

181 1917 286 1982 neque
314 1897 347 1960 in
371 1895 540 1978 judicium,
556 1911 660 1974 neque
682 1893 714 1956 in
739 1909 882 1960 rumores
911 1896 1010 1976 voigi
1043 1900 1152 1962 deducu

183 1993 235 2064 sil,
250 2005 354 2070 neque
368 1987 498 2066 insuper
517 1981 673 2064 ejusmodi
696 1999 830 2045 numero
852 1990 882 2044 et
896 1983 1060 2065 qualitati
1077 2003 1158 2068 pero
1231 2021 1232 2024 π

184 2097 297 2144 narum
313 2075 439 2156 cognite
454 2074 505 2152 ait,
529 2071 614 2135 unde
631 2070 784 2135 delictum
804 2073 925 2134 censeri
949 2073 1077 2139 debeat
1090 2087 1165 2139 noto

184 2187 279 2234 rrum.

223 2256 360 2337 Vlluf-
373 2253 490 2318 Verum
505 2259 590 2314 tenet
613 2251 709 2314 etiarn
731 2251 899 2333 'suspensio
922 2251 953 2314 si
969 2255 1172 2337 expluribus

184 2349 307 2414 delictis
320 2343 450 2426 aliquod
463 2339 558 2404 inerit
579 2347 692 2402 notum
709 2341 741 2401 in
757 2341 892 2418 vulgus3
909 2349 968 2404 eut
981 2345 1011 2404 si
1037 2345 1170 2420 crimen,

185 2435 270 2522 quod
297 2445 369 2499 ante
405 2431 646 2513 suspensionem
677 2428 781 2493 iuerat
808 2430 985 2508 occultum,
1020 2433 1172 2518 deinceps

185 2528 364 2612 postipsam
385 2521 479 2585 luerit
492 2521 533 2584 eb
548 2518 619 2582 eliis
636 2521 832 2600 evulgatum.

225 2615 277 2679 tx.
300 2649 338 2664 -
355 2611 504 2676 Prudenti
519 2609 650 2672 arbitrio
666 2607 869 2688 prelatorum
884 2607 1092 2691 relinquitur
1105 2631 1172 2677 sns-

187 2705 347 2792 pensionis
362 2719 503 2776 causam,
526 2717 581 2762 seu
608 2697 708 2782 ipsam
737 2699 866 2781 culpam
887 2697 1097 2783 delinquenti
1121 2715 1172 2766 aut

187 2796 374 2880 patefecere,
398 2801 453 2853 aut
476 2791 620 2852 reticere.
641 2787 746 2851 Partes
762 2786 905 2870 alioquin
924 2793 1100 2869 pastoralis
1113 2793 1170 2856 sol-

187 2881 404 2949 licitudiniset
432 2877 595 2940 charitatis
622 2875 809 2940 eorumdem
837 2887 946 2952 erunt,
965 2889 1004 2942 ut
1029 2883 1056 2944 si
1071 2883 1161 2943 istim·

188 2974 273 3039 modi
297 2987 422 3054 poenam
439 2985 591 3049 suspenso
617 2965 819 3029 manifestere
838 2969 1041 3044 censuerint,
1056 2972 1110 3051 ipsa
1122 2983 1155 3028 er

189 3064 338 3149 paternis,
364 3075 442 3141 quas
467 3057 683 3138 interponent,
708 3055 953 3135 monitionibus,
983 3059 1102 3122 nedum
1123 3055 1161 3117 ad

189 3153 400 3235 expiationem
427 3145 548 3226 culpae,
579 3161 689 3208 verum
716 3146 811 3208 etiam
838 3145 878 3207 od
913 3148 1166 3210 emendationem

190 3238 414 3322 delinquentis,
431 3245 461 3299 et
477 3233 517 3296 ad
531 3235 730 3299 occasionem
757 3232 910 3318 peccandi
934 3234 1169 3300 eliminandam

189 3330 350 3394 inserviat.

230 3421 269 3484 X.
286 3451 325 3468 ι·-
339 3415 538 3482 Meminerint
552 3428 629 3478 roro
644 3415 807 3498 praesules,
829 3411 916 3496 quod
938 3413 964 3476 si
989 3423 1103 3479 contre
1125 3415 1172 3479 de

192 3523 325 3586 cretum,
348 3525 412 3591 quo
438 3509 573 3588 irrogata
596 3505 656 3568 l'uit
684 3504 863 3587 suspensio,
886 3511 1174 3584 promoveetnrre·

193 3618 305 3663 cursus
329 3597 368 3661 ed
383 3597 594 3680 Apostolicem
611 3592 736 3670 Sedem,
751 3602 828 3656 tunc
849 3591 935 3675 apud
963 3594 1066 3675 ipsam
1091 3611 1175 3659 com·
