<?xml version="1.0" encoding="UTF-8"?>
<!DOCTYPE html PUBLIC "-//W3C//DTD XHTML 1.0 Transitional//EN"
    "http://www.w3.org/TR/xhtml1/DTD/xhtml1-transitional.dtd">
<html xmlns="http://www.w3.org/1999/xhtml" xml:lang="en" lang="en">
 <head>
  <title>
</title>
<meta http-equiv="Content-Type" content="text/html;charset=utf-8" />
  <meta name='ocr-system' content='tesseract 3.04.00' />
  <meta name='ocr-capabilities' content='ocr_page ocr_carea ocr_par ocr_line ocrx_word'/>
</head>
<body>
  <div class='ocr_page' id='page_1' title='image "./manualetotiusju02craigoog/manualetotiusju02craigoog_0346.png"; bbox 0 0 2548 3988; ppageno 0'>
   <div class='ocr_carea' id='block_1_1' title="bbox 473 257 1074 320">
    <p class='ocr_par' dir='ltr' id='par_1_1' title="bbox 473 257 1074 320">
     <span class='ocr_line' id='line_1_1' title="bbox 473 257 1074 320; baseline 0 -2"><span class='ocrx_word' id='word_1_1' title='bbox 473 270 559 318; x_wconf 78' lang='lat' dir='ltr'><strong>enea</strong></span> <span class='ocrx_word' id='word_1_2' title='bbox 578 272 709 319; x_wconf 81' lang='lat' dir='ltr'><strong>marrus.</strong></span> <span class='ocrx_word' id='word_1_3' title='bbox 1017 257 1074 320; x_wconf 74' lang='lat'><strong>337</strong></span> 
     </span>
    </p>
   </div>
   <div class='ocr_carea' id='block_1_2' title="bbox 108 368 1077 540">
    <p class='ocr_par' dir='ltr' id='par_1_2' title="bbox 108 368 1077 540">
     <span class='ocr_line' id='line_1_2' title="bbox 109 368 1077 452; baseline 0.002 -22"><span class='ocrx_word' id='word_1_4' title='bbox 109 384 245 430; x_wconf 78' lang='lat' dir='ltr'><strong>censurae</strong></span> <span class='ocrx_word' id='word_1_5' title='bbox 268 368 328 430; x_wconf 90' lang='lat' dir='ltr'><strong>sint</strong></span> <span class='ocrx_word' id='word_1_6' title='bbox 344 369 420 448; x_wconf 88' lang='lat' dir='ltr'><strong>juris</strong></span> <span class='ocrx_word' id='word_1_7' title='bbox 442 371 613 432; x_wconf 89' lang='lat' dir='ltr'><strong>communis</strong></span> <span class='ocrx_word' id='word_1_8' title='bbox 628 369 676 451; x_wconf 90' lang='lat' dir='ltr'><strong>(n·</strong></span> <span class='ocrx_word' id='word_1_9' title='bbox 691 373 769 432; x_wconf 76' lang='lat' dir='ltr'><strong>ttst</strong></span> <span class='ocrx_word' id='word_1_10' title='bbox 781 417 789 448; x_wconf 92' lang='lat'><strong>,</strong></span> <span class='ocrx_word' id='word_1_11' title='bbox 802 378 833 432; x_wconf 87' lang='lat' dir='ltr'><strong>v·</strong></span> <span class='ocrx_word' id='word_1_12' title='bbox 847 369 1033 452; x_wconf 77' lang='lat' dir='ltr'><strong>Eoporritor,</strong></span> <span class='ocrx_word' id='word_1_13' title='bbox 1049 377 1077 434; x_wconf 93' lang='lat' dir='ltr'><strong>et</strong></span> 
     </span>
     <span class='ocr_line' id='line_1_3' title="bbox 108 455 472 540; baseline 0.003 -19"><span class='ocrx_word' id='word_1_14' title='bbox 108 455 234 521; x_wconf 82' lang='lat' dir='ltr'><em>Probat.</em></span> <span class='ocrx_word' id='word_1_15' title='bbox 249 457 371 520; x_wconf 85' lang='lat' dir='ltr'><strong>seeundo</strong></span> <span class='ocrx_word' id='word_1_16' title='bbox 378 459 472 540; x_wconf 83' lang='lat' dir='ltr'><strong>pars).</strong></span> 
     </span>
    </p>
   </div>
   <div class='ocr_carea' id='block_1_3' title="bbox 25 569 1078 1985">
    <p class='ocr_par' dir='ltr' id='par_1_3' title="bbox 24 569 1078 1899">
     <span class='ocr_line' id='line_1_4' title="bbox 28 569 1077 656; baseline 0.008 -26"><span class='ocrx_word' id='word_1_17' title='bbox 28 585 31 630; x_wconf 78' lang='lat' dir='ltr'><strong>t</strong></span> <span class='ocrx_word' id='word_1_18' title='bbox 147 573 237 632; x_wconf 80' lang='lat' dir='ltr'><strong>otro.</strong></span> <span class='ocrx_word' id='word_1_19' title='bbox 261 569 321 633; x_wconf 91' lang='lat' dir='ltr'><strong>Sed</strong></span> <span class='ocrx_word' id='word_1_20' title='bbox 334 571 366 633; x_wconf 90' lang='lat' dir='ltr'><strong>S.</strong></span> <span class='ocrx_word' id='word_1_21' title='bbox 386 572 502 652; x_wconf 78' lang='lat' dir='ltr'><strong>liguor.</strong></span> <span class='ocrx_word' id='word_1_22' title='bbox 520 571 587 652; x_wconf 90' lang='lat' dir='ltr'><strong>(lib.</strong></span> <span class='ocrx_word' id='word_1_23' title='bbox 600 577 634 646; x_wconf 88' lang='lat' dir='ltr'><strong>&#39;t,</strong></span> <span class='ocrx_word' id='word_1_24' title='bbox 651 580 684 633; x_wconf 81' lang='lat' dir='ltr'><strong>n·</strong></span> <span class='ocrx_word' id='word_1_25' title='bbox 701 574 750 654; x_wconf 81' lang='grc'><strong>70)</strong></span> <span class='ocrx_word' id='word_1_26' title='bbox 763 577 846 634; x_wconf 88' lang='lat' dir='ltr'><strong>tenet</strong></span> <span class='ocrx_word' id='word_1_27' title='bbox 858 571 940 654; x_wconf 87' lang='lat' dir='ltr'><strong>qudd</strong></span> <span class='ocrx_word' id='word_1_28' title='bbox 954 573 1077 656; x_wconf 75' lang='lat' dir='ltr'><strong>praba</strong></span> 
     </span>
     <span class='ocr_line' id='line_1_5' title="bbox 105 656 1075 742; baseline 0.006 -22"><span class='ocrx_word' id='word_1_29' title='bbox 105 656 256 721; x_wconf 73' lang='lat' dir='ltr'><strong>absolutio</strong></span> <span class='ocrx_word' id='word_1_30' title='bbox 266 677 474 736; x_wconf 82' lang='lat' dir='ltr'>censurarum,</span> <span class='ocrx_word' id='word_1_31' title='bbox 488 661 624 742; x_wconf 87' lang='lat' dir='ltr'><strong>quamvis</strong></span> <span class='ocrx_word' id='word_1_32' title='bbox 634 662 652 722; x_wconf 79' lang='lat' dir='ltr'><strong>t</strong></span> <span class='ocrx_word' id='word_1_33' title='bbox 661 660 790 740; x_wconf 80' lang='lat' dir='ltr'><strong>simplici</strong></span> <span class='ocrx_word' id='word_1_34' title='bbox 804 659 987 725; x_wconf 78' lang='lat' dir='ltr'><strong>confessario</strong></span> <span class='ocrx_word' id='word_1_35' title='bbox 995 663 1075 738; x_wconf 87' lang='lat' dir='ltr'><strong>dota,</strong></span> 
     </span>
     <span class='ocr_line' id='line_1_6' title="bbox 25 747 1078 834; baseline 0.009 -29"><span class='ocrx_word' id='word_1_36' title='bbox 25 781 28 830; x_wconf 71' lang='lat' dir='ltr'><strong>t</strong></span> <span class='ocrx_word' id='word_1_37' title='bbox 106 747 1078 834; x_wconf 78' lang='lat' dir='ltr'><strong>valeatetitmproforoexterno,medbacceptetuer&#39;udice,quia</strong></span> 
     </span>
     <span class='ocr_line' id='line_1_7' title="bbox 105 834 1077 920; baseline 0.005 -23.615"><span class='ocrx_word' id='word_1_38' title='bbox 105 834 228 898; x_wconf 90' lang='lat' dir='ltr'><strong>decreta</strong></span> <span class='ocrx_word' id='word_1_39' title='bbox 241 837 294 899; x_wconf 89' lang='lat' dir='ltr'><strong>SS.</strong></span> <span class='ocrx_word' id='word_1_40' title='bbox 306 837 488 900; x_wconf 86' lang='lat' dir='ltr'><strong>Pontificum</strong></span> <span class='ocrx_word' id='word_1_41' title='bbox 498 837 598 902; x_wconf 85' lang='lat' dir='ltr'><strong>lorum</strong></span> <span class='ocrx_word' id='word_1_42' title='bbox 607 845 765 902; x_wconf 84' lang='lat' dir='ltr'><strong>externum</strong></span> <span class='ocrx_word' id='word_1_43' title='bbox 777 838 930 920; x_wconf 78' lang='lat' dir='ltr'><strong>praecipue</strong></span> <span class='ocrx_word' id='word_1_44' title='bbox 943 847 1077 920; x_wconf 84' lang='lat' dir='ltr'><strong>spectare</strong></span> 
     </span>
     <span class='ocr_line' id='line_1_8' title="bbox 106 924 1076 1009; baseline 0.007 -23"><span class='ocrx_word' id='word_1_45' title='bbox 106 924 221 1004; x_wconf 90' lang='lat' dir='ltr'><strong>solent,</strong></span> <span class='ocrx_word' id='word_1_46' title='bbox 237 932 267 987; x_wconf 91' lang='lat' dir='ltr'><strong>et</strong></span> <span class='ocrx_word' id='word_1_47' title='bbox 279 925 401 988; x_wconf 81' lang='lat' dir='ltr'><strong>aliunde</strong></span> <span class='ocrx_word' id='word_1_48' title='bbox 415 925 529 990; x_wconf 77' lang='lat' dir='ltr'><strong>favores</strong></span> <span class='ocrx_word' id='word_1_49' title='bbox 543 935 613 990; x_wconf 90' lang='lat' dir='ltr'><strong>sunt</strong></span> <span class='ocrx_word' id='word_1_50' title='bbox 625 926 788 1009; x_wconf 83' lang='lat' dir='ltr'><strong>ampliandi</strong></span> <span class='ocrx_word' id='word_1_51' title='bbox 805 947 813 989; x_wconf 92' lang='lat'>:</span> <span class='ocrx_word' id='word_1_52' title='bbox 828 928 888 989; x_wconf 89' lang='lat' dir='ltr'><strong>hoc</strong></span> <span class='ocrx_word' id='word_1_53' title='bbox 901 934 1076 992; x_wconf 86' lang='lat' dir='ltr'><strong>tamennon</strong></span> 
     </span>
     <span class='ocr_line' id='line_1_9' title="bbox 106 1011 1077 1098; baseline 0.005 -24"><span class='ocrx_word' id='word_1_54' title='bbox 106 1011 235 1076; x_wconf 86' lang='lat' dir='ltr'><strong>admittit</strong></span> <span class='ocrx_word' id='word_1_55' title='bbox 248 1015 283 1075; x_wconf 83' lang='lat' dir='ltr'><strong>ll.</strong></span> <span class='ocrx_word' id='word_1_56' title='bbox 301 1014 443 1078; x_wconf 88' lang='lat' dir='ltr'><strong>Stremler</strong></span> <span class='ocrx_word' id='word_1_57' title='bbox 456 1016 523 1094; x_wconf 78' lang='lat' dir='ltr'><strong>(ib,</strong></span> <span class='ocrx_word' id='word_1_58' title='bbox 538 1035 567 1098; x_wconf 93' lang='lat' dir='ltr'><strong>p.</strong></span> <span class='ocrx_word' id='word_1_59' title='bbox 587 1019 657 1094; x_wconf 73' lang='lat' dir='ltr'><strong>tlt)</strong></span> <span class='ocrx_word' id='word_1_60' title='bbox 670 1063 678 1094; x_wconf 97' lang='lat'><strong>,</strong></span> <span class='ocrx_word' id='word_1_61' title='bbox 690 1017 773 1098; x_wconf 89' lang='lat' dir='ltr'><strong>quia,</strong></span> <span class='ocrx_word' id='word_1_62' title='bbox 788 1017 907 1098; x_wconf 86' lang='lat' dir='ltr'><strong>inquit,</strong></span> <span class='ocrx_word' id='word_1_63' title='bbox 927 1016 1077 1080; x_wconf 80' lang='lat' dir='ltr'><strong>absolutio</strong></span> 
     </span>
     <span class='ocr_line' id='line_1_10' title="bbox 105 1103 1077 1187; baseline 0.005 -24"><span class='ocrx_word' id='word_1_64' title='bbox 105 1119 302 1166; x_wconf 83' lang='lat' dir='ltr'><strong>censurarum</strong></span> <span class='ocrx_word' id='word_1_65' title='bbox 317 1104 436 1185; x_wconf 83' lang='lat' dir='ltr'><strong>probari</strong></span> <span class='ocrx_word' id='word_1_66' title='bbox 448 1104 537 1167; x_wconf 89' lang='lat' dir='ltr'><strong>debet</strong></span> <span class='ocrx_word' id='word_1_67' title='bbox 550 1103 656 1167; x_wconf 85' lang='lat' dir='ltr'><strong>inioro</strong></span> <span class='ocrx_word' id='word_1_68' title='bbox 667 1111 808 1182; x_wconf 81' lang='lat' dir='ltr'><strong>extern03</strong></span> <span class='ocrx_word' id='word_1_69' title='bbox 823 1107 914 1187; x_wconf 88' lang='lat' dir='ltr'><strong>porrd</strong></span> <span class='ocrx_word' id='word_1_70' title='bbox 928 1105 1077 1169; x_wconf 83' lang='lat' dir='ltr'><strong>absolutio</strong></span> 
     </span>
     <span class='ocr_line' id='line_1_11' title="bbox 105 1193 1076 1277; baseline 0.007 -26"><span class='ocrx_word' id='word_1_71' title='bbox 105 1193 331 1256; x_wconf 80' lang='lat' dir='ltr'><strong>sacramentalia</strong></span> <span class='ocrx_word' id='word_1_72' title='bbox 352 1193 457 1274; x_wconf 89' lang='lat' dir='ltr'><strong>nequit</strong></span> <span class='ocrx_word' id='word_1_73' title='bbox 478 1193 619 1277; x_wconf 89' lang='lat' dir='ltr'><strong>probari;</strong></span> <span class='ocrx_word' id='word_1_74' title='bbox 644 1211 734 1275; x_wconf 77' lang='lat' dir='ltr'><strong>ergo,</strong></span> <span class='ocrx_word' id='word_1_75' title='bbox 749 1199 806 1256; x_wconf 90' lang='lat' dir='ltr'><strong>etc.</strong></span> <span class='ocrx_word' id='word_1_76' title='bbox 823 1193 882 1256; x_wconf 86' lang='lat' dir='ltr'><strong>Sed</strong></span> <span class='ocrx_word' id='word_1_77' title='bbox 903 1194 963 1257; x_wconf 92' lang='lat' dir='ltr'><strong>dici</strong></span> <span class='ocrx_word' id='word_1_78' title='bbox 978 1201 1076 1276; x_wconf 88' lang='lat' dir='ltr'><strong>posset</strong></span> 
     </span>
     <span class='ocr_line' id='line_1_12' title="bbox 104 1279 1075 1364; baseline 0.008 -23"><span class='ocrx_word' id='word_1_79' title='bbox 104 1279 188 1362; x_wconf 86' lang='lat' dir='ltr'><strong>qudd</strong></span> <span class='ocrx_word' id='word_1_80' title='bbox 209 1280 391 1345; x_wconf 87' lang='lat' dir='ltr'><strong>sufficienter</strong></span> <span class='ocrx_word' id='word_1_81' title='bbox 413 1282 533 1364; x_wconf 91' lang='lat' dir='ltr'><strong>probari</strong></span> <span class='ocrx_word' id='word_1_82' title='bbox 551 1283 663 1359; x_wconf 85' lang='lat' dir='ltr'><strong>valeat,</strong></span> <span class='ocrx_word' id='word_1_83' title='bbox 679 1283 702 1345; x_wconf 92' lang='lat' dir='ltr'><strong>si</strong></span> <span class='ocrx_word' id='word_1_84' title='bbox 715 1282 809 1362; x_wconf 86' lang='lat' dir='ltr'><strong>judex</strong></span> <span class='ocrx_word' id='word_1_85' title='bbox 833 1301 903 1346; x_wconf 91' lang='lat' dir='ltr'><strong>cum</strong></span> <span class='ocrx_word' id='word_1_86' title='bbox 925 1301 1075 1349; x_wconf 89' lang='lat' dir='ltr'><strong>consensu</strong></span> 
     </span>
     <span class='ocr_line' id='line_1_13' title="bbox 104 1369 1075 1452; baseline 0.007 -22"><span class='ocrx_word' id='word_1_87' title='bbox 104 1369 277 1452; x_wconf 89' lang='lat' dir='ltr'><strong>poenitentis</strong></span> <span class='ocrx_word' id='word_1_88' title='bbox 290 1371 359 1433; x_wconf 77' lang='lat' dir='ltr'><strong>velit</strong></span> <span class='ocrx_word' id='word_1_89' title='bbox 372 1371 523 1435; x_wconf 68' lang='lat' dir='ltr'><strong>adhaerere</strong></span> <span class='ocrx_word' id='word_1_90' title='bbox 541 1373 712 1434; x_wconf 89' lang='lat' dir='ltr'><strong>testimonio</strong></span> <span class='ocrx_word' id='word_1_91' title='bbox 726 1371 911 1436; x_wconf 80' lang='lat' dir='ltr'><strong>confessarii.</strong></span> <span class='ocrx_word' id='word_1_92' title='bbox 932 1376 1075 1437; x_wconf 89' lang='lat' dir='ltr'><strong>Necessa-</strong></span> 
     </span>
     <span class='ocr_line' id='line_1_14' title="bbox 104 1458 1073 1544; baseline 0.006 -24"><span class='ocrx_word' id='word_1_93' title='bbox 104 1458 185 1520; x_wconf 92' lang='lat' dir='ltr'><strong>rium</strong></span> <span class='ocrx_word' id='word_1_94' title='bbox 206 1465 308 1522; x_wconf 90' lang='lat' dir='ltr'><strong>tamen</strong></span> <span class='ocrx_word' id='word_1_95' title='bbox 322 1467 413 1524; x_wconf 91' lang='lat' dir='ltr'><strong>estut</strong></span> <span class='ocrx_word' id='word_1_96' title='bbox 435 1461 567 1541; x_wconf 78' lang='lat' dir='ltr'><strong>bjudice</strong></span> <span class='ocrx_word' id='word_1_97' title='bbox 587 1461 735 1524; x_wconf 74' lang='lat' dir='ltr'><strong>absolutio</strong></span> <span class='ocrx_word' id='word_1_98' title='bbox 755 1459 928 1524; x_wconf 81' lang='lat' dir='ltr'><strong>admittatur</strong></span> <span class='ocrx_word' id='word_1_99' title='bbox 951 1463 1073 1544; x_wconf 83' lang='lat' dir='ltr'><strong>quando</strong></span> 
     </span>
     <span class='ocr_line' id='line_1_15' title="bbox 104 1551 1076 1632; baseline 0.005 -22"><span class='ocrx_word' id='word_1_100' title='bbox 104 1551 1076 1632; x_wconf 78' lang='lat' dir='ltr'><strong>consuranonesttelerata.ltatiopatet.lncasuverdquocensura</strong></span> 
     </span>
     <span class='ocr_line' id='line_1_16' title="bbox 74 1637 1073 1717; baseline 0.003 -19"><span class='ocrx_word' id='word_1_101' title='bbox 74 1638 77 1645; x_wconf 86' lang='lat'>&#39;</span> <span class='ocrx_word' id='word_1_102' title='bbox 104 1654 168 1698; x_wconf 90' lang='lat' dir='ltr'><strong>non</strong></span> <span class='ocrx_word' id='word_1_103' title='bbox 182 1643 227 1699; x_wconf 86' lang='lat' dir='ltr'><strong>est</strong></span> <span class='ocrx_word' id='word_1_104' title='bbox 240 1637 430 1716; x_wconf 78' lang='lat' dir='ltr'><strong>denuntiate,</strong></span> <span class='ocrx_word' id='word_1_105' title='bbox 446 1639 554 1702; x_wconf 84' lang='lat' dir='ltr'><strong>sufficit</strong></span> <span class='ocrx_word' id='word_1_106' title='bbox 569 1639 717 1702; x_wconf 91' lang='lat' dir='ltr'><strong>absolutio</strong></span> <span class='ocrx_word' id='word_1_107' title='bbox 730 1638 800 1700; x_wconf 87' lang='lat' dir='ltr'><strong>data</strong></span> <span class='ocrx_word' id='word_1_108' title='bbox 814 1639 845 1700; x_wconf 94' lang='lat' dir='ltr'><strong>in</strong></span> <span class='ocrx_word' id='word_1_109' title='bbox 859 1637 924 1701; x_wconf 85' lang='lat' dir='ltr'><strong>loro</strong></span> <span class='ocrx_word' id='word_1_110' title='bbox 936 1639 1073 1717; x_wconf 91' lang='lat' dir='ltr'><strong>interno,</strong></span> 
     </span>
     <span class='ocr_line' id='line_1_17' title="bbox 104 1725 1074 1810; baseline 0.005 -23"><span class='ocrx_word' id='word_1_111' title='bbox 104 1725 196 1788; x_wconf 86' lang='lat' dir='ltr'><strong>modd</strong></span> <span class='ocrx_word' id='word_1_112' title='bbox 209 1727 248 1788; x_wconf 93' lang='lat' dir='ltr'><strong>de</strong></span> <span class='ocrx_word' id='word_1_113' title='bbox 262 1728 310 1789; x_wconf 83' lang='lat' dir='ltr'><strong>illa</strong></span> <span class='ocrx_word' id='word_1_114' title='bbox 324 1735 440 1790; x_wconf 88' lang='lat' dir='ltr'><strong>constet</strong></span> <span class='ocrx_word' id='word_1_115' title='bbox 452 1735 485 1790; x_wconf 90' lang='lat' dir='ltr'><strong>ut</strong></span> <span class='ocrx_word' id='word_1_116' title='bbox 497 1746 604 1809; x_wconf 86' lang='lat' dir='ltr'><strong>supra,</strong></span> <span class='ocrx_word' id='word_1_117' title='bbox 621 1734 652 1788; x_wconf 91' lang='lat' dir='ltr'><strong>ut</strong></span> <span class='ocrx_word' id='word_1_118' title='bbox 666 1735 842 1790; x_wconf 88' lang='lat' dir='ltr'><strong>censuratus</strong></span> <span class='ocrx_word' id='word_1_119' title='bbox 857 1729 990 1792; x_wconf 90' lang='lat' dir='ltr'><strong>notorius</strong></span> <span class='ocrx_word' id='word_1_120' title='bbox 1004 1747 1074 1810; x_wconf 88' lang='lat' dir='ltr'><strong>pos·</strong></span> 
     </span>
     <span class='ocr_line' id='line_1_18' title="bbox 104 1814 1076 1899; baseline 0.004 -23"><span class='ocrx_word' id='word_1_121' title='bbox 104 1815 142 1876; x_wconf 91' lang='lat' dir='ltr'><strong>sit</strong></span> <span class='ocrx_word' id='word_1_122' title='bbox 151 1814 267 1877; x_wconf 91' lang='lat' dir='ltr'><strong>admitti</strong></span> <span class='ocrx_word' id='word_1_123' title='bbox 276 1815 314 1878; x_wconf 88' lang='lat' dir='ltr'><strong>ad</strong></span> <span class='ocrx_word' id='word_1_124' title='bbox 324 1816 582 1899; x_wconf 85' lang='lat' dir='ltr'><strong>participationem</strong></span> <span class='ocrx_word' id='word_1_125' title='bbox 601 1823 871 1878; x_wconf 88' lang='lat' dir='ltr'><strong>sacramentorum.</strong></span> <span class='ocrx_word' id='word_1_126' title='bbox 883 1817 977 1879; x_wconf 89' lang='lat' dir='ltr'><strong>Secus</strong></span> <span class='ocrx_word' id='word_1_127' title='bbox 986 1817 1076 1880; x_wconf 89' lang='lat' dir='ltr'><strong>sentit</strong></span> 
     </span>
    </p>

    <p class='ocr_par' dir='ltr' id='par_1_4' title="bbox 103 1902 847 1985">
     <span class='ocr_line' id='line_1_19' title="bbox 103 1902 847 1985; baseline -0.003 -20"><span class='ocrx_word' id='word_1_128' title='bbox 103 1905 141 1967; x_wconf 87' lang='lat' dir='ltr'><strong>D.</strong></span> <span class='ocrx_word' id='word_1_129' title='bbox 158 1905 301 1968; x_wconf 91' lang='lat' dir='ltr'><strong>Stremler</strong></span> <span class='ocrx_word' id='word_1_130' title='bbox 311 1952 319 1982; x_wconf 93' lang='lat'><strong>,</strong></span> <span class='ocrx_word' id='word_1_131' title='bbox 331 1905 422 1968; x_wconf 88' lang='lat' dir='ltr'><strong>etiam</strong></span> <span class='ocrx_word' id='word_1_132' title='bbox 436 1906 468 1967; x_wconf 92' lang='lat' dir='ltr'><strong>in</strong></span> <span class='ocrx_word' id='word_1_133' title='bbox 481 1903 538 1967; x_wconf 90' lang='lat' dir='ltr'><strong>hoc</strong></span> <span class='ocrx_word' id='word_1_134' title='bbox 552 1921 624 1966; x_wconf 90' lang='lat' dir='ltr'><strong>casu</strong></span> <span class='ocrx_word' id='word_1_135' title='bbox 638 1902 703 1980; x_wconf 81' lang='lat' dir='ltr'><strong>(ib,</strong></span> <span class='ocrx_word' id='word_1_136' title='bbox 719 1923 749 1985; x_wconf 94' lang='lat' dir='ltr'><strong>p.</strong></span> <span class='ocrx_word' id='word_1_137' title='bbox 766 1907 847 1981; x_wconf 71' lang='lat' dir='ltr'><strong>tlt).</strong></span> 
     </span>
    </p>
   </div>
   <div class='ocr_carea' id='block_1_4' title="bbox 8 2013 1108 2544">
    <p class='ocr_par' dir='ltr' id='par_1_5' title="bbox 8 2013 1108 2544">
     <span class='ocr_line' id='line_1_20' title="bbox 144 2013 1075 2097; baseline 0.002 -20"><span class='ocrx_word' id='word_1_138' title='bbox 144 2017 233 2080; x_wconf 72' lang='lat' dir='ltr'><strong>ortt.</strong></span> <span class='ocrx_word' id='word_1_139' title='bbox 256 2015 342 2088; x_wconf 84' lang='lat' dir='ltr'><strong>Quod</strong></span> <span class='ocrx_word' id='word_1_140' title='bbox 356 2015 503 2084; x_wconf 88' lang='lat' dir='ltr'><strong>absolutio</strong></span> <span class='ocrx_word' id='word_1_141' title='bbox 516 2015 609 2097; x_wconf 78' lang='lat' dir='ltr'><strong>possit</strong></span> <span class='ocrx_word' id='word_1_142' title='bbox 630 2013 694 2075; x_wconf 84' lang='lat' dir='ltr'><strong>deri</strong></span> <span class='ocrx_word' id='word_1_143' title='bbox 709 2015 726 2074; x_wconf 83' lang='lat' dir='ltr'><strong>b</strong></span> <span class='ocrx_word' id='word_1_144' title='bbox 749 2013 877 2096; x_wconf 90' lang='lat' dir='ltr'><strong>simplici</strong></span> <span class='ocrx_word' id='word_1_145' title='bbox 892 2013 1075 2080; x_wconf 79' lang='lat' dir='ltr'><strong>confessario</strong></span> 
     </span>
     <span class='ocr_line' id='line_1_21' title="bbox 8 2101 1074 2187; baseline 0 -21"><span class='ocrx_word' id='word_1_146' title='bbox 8 2107 13 2124; x_wconf 81' lang='lat'><em>&#39;</em></span> <span class='ocrx_word' id='word_1_147' title='bbox 104 2103 227 2187; x_wconf 85' lang='lat' dir='ltr'><strong>quando</strong></span> <span class='ocrx_word' id='word_1_148' title='bbox 240 2123 303 2168; x_wconf 94' lang='lat' dir='ltr'><strong>non</strong></span> <span class='ocrx_word' id='word_1_149' title='bbox 321 2109 367 2168; x_wconf 90' lang='lat' dir='ltr'><strong>est</strong></span> <span class='ocrx_word' id='word_1_150' title='bbox 383 2109 546 2180; x_wconf 82' lang='lat' dir='ltr'><strong>reservata,</strong></span> <span class='ocrx_word' id='word_1_151' title='bbox 569 2103 601 2165; x_wconf 88' lang='lat' dir='ltr'><strong>S.</strong></span> <span class='ocrx_word' id='word_1_152' title='bbox 625 2101 784 2183; x_wconf 79' lang='lat' dir='ltr'><strong>Lignorius</strong></span> <span class='ocrx_word' id='word_1_153' title='bbox 807 2102 940 2164; x_wconf 86' lang='lat' dir='ltr'><strong>extendit</strong></span> <span class='ocrx_word' id='word_1_154' title='bbox 955 2102 993 2164; x_wconf 89' lang='lat' dir='ltr'><strong>ad</strong></span> <span class='ocrx_word' id='word_1_155' title='bbox 1008 2121 1074 2166; x_wconf 90' lang='lat' dir='ltr'><strong>sus·</strong></span> 
     </span>
     <span class='ocr_line' id='line_1_22' title="bbox 104 2191 1073 2277; baseline 0 -23"><span class='ocrx_word' id='word_1_156' title='bbox 104 2195 281 2277; x_wconf 88' lang='lat' dir='ltr'><strong>pensionem</strong></span> <span class='ocrx_word' id='word_1_157' title='bbox 300 2199 331 2258; x_wconf 89' lang='lat' dir='ltr'><strong>et</strong></span> <span class='ocrx_word' id='word_1_158' title='bbox 347 2191 539 2256; x_wconf 89' lang='lat' dir='ltr'><strong>interdictum</strong></span> <span class='ocrx_word' id='word_1_159' title='bbox 553 2191 710 2274; x_wconf 90' lang='lat' dir='ltr'><strong>personale</strong></span> <span class='ocrx_word' id='word_1_160' title='bbox 724 2207 786 2252; x_wconf 88' lang='lat' dir='ltr'><strong>non</strong></span> <span class='ocrx_word' id='word_1_161' title='bbox 801 2197 1000 2268; x_wconf 83' lang='lat' dir='ltr'><strong>reservatum,</strong></span> <span class='ocrx_word' id='word_1_162' title='bbox 1019 2193 1073 2254; x_wconf 90' lang='lat' dir='ltr'><strong>etsi</strong></span> 
     </span>
     <span class='ocr_line' id='line_1_23' title="bbox 103 2279 1108 2365; baseline 0 -21"><span class='ocrx_word' id='word_1_163' title='bbox 103 2281 252 2346; x_wconf 86' lang='lat' dir='ltr'><strong>absolutio</strong></span> <span class='ocrx_word' id='word_1_164' title='bbox 265 2283 398 2365; x_wconf 83' lang='lat' dir='ltr'><strong>ipsarum</strong></span> <span class='ocrx_word' id='word_1_165' title='bbox 413 2300 474 2344; x_wconf 88' lang='lat' dir='ltr'><strong>non</strong></span> <span class='ocrx_word' id='word_1_166' title='bbox 487 2282 525 2344; x_wconf 90' lang='lat' dir='ltr'><strong>sit</strong></span> <span class='ocrx_word' id='word_1_167' title='bbox 534 2280 700 2344; x_wconf 85' lang='lat' dir='ltr'><strong>necessaria</strong></span> <span class='ocrx_word' id='word_1_168' title='bbox 711 2279 749 2342; x_wconf 88' lang='lat' dir='ltr'><strong>ad</strong></span> <span class='ocrx_word' id='word_1_169' title='bbox 761 2280 964 2363; x_wconf 86' lang='lat' dir='ltr'><strong>receptionem</strong></span> <span class='ocrx_word' id='word_1_170' title='bbox 978 2297 1075 2344; x_wconf 87' lang='lat' dir='ltr'><strong>sacra-</strong></span> <span class='ocrx_word' id='word_1_171' title='bbox 1105 2355 1108 2362; x_wconf 25' lang='grc' dir='ltr'>Ι</span> 
     </span>
     <span class='ocr_line' id='line_1_24' title="bbox 103 2367 1073 2452; baseline -0.002 -18"><span class='ocrx_word' id='word_1_172' title='bbox 103 2377 302 2450; x_wconf 90' lang='lat' dir='ltr'><strong>mentorum,</strong></span> <span class='ocrx_word' id='word_1_173' title='bbox 334 2371 372 2434; x_wconf 87' lang='lat' dir='ltr'><strong>eb</strong></span> <span class='ocrx_word' id='word_1_174' title='bbox 397 2369 480 2452; x_wconf 87' lang='lat' dir='ltr'><strong>qubd</strong></span> <span class='ocrx_word' id='word_1_175' title='bbox 504 2370 659 2434; x_wconf 90' lang='lat' dir='ltr'><strong>concessio</strong></span> <span class='ocrx_word' id='word_1_176' title='bbox 680 2367 850 2432; x_wconf 77' lang='lat' dir='ltr'><strong>favorabilis</strong></span> <span class='ocrx_word' id='word_1_177' title='bbox 876 2370 985 2432; x_wconf 77' lang='lat' dir='ltr'><strong>merito</strong></span> <span class='ocrx_word' id='word_1_178' title='bbox 1008 2388 1073 2432; x_wconf 88' lang='lat' dir='ltr'><strong>am-</strong></span> 
     </span>
     <span class='ocr_line' id='line_1_25' title="bbox 102 2459 225 2544; baseline 0.008 -23"><span class='ocrx_word' id='word_1_179' title='bbox 102 2459 225 2544; x_wconf 87' lang='lat' dir='ltr'><strong>plietur.</strong></span> 
     </span>
    </p>
   </div>
   <div class='ocr_carea' id='block_1_5' title="bbox 103 2570 1075 3099">
    <p class='ocr_par' dir='ltr' id='par_1_6' title="bbox 103 2570 1075 3099">
     <span class='ocr_line' id='line_1_26' title="bbox 145 2570 1073 2655; baseline 0.001 -21"><span class='ocrx_word' id='word_1_180' title='bbox 145 2576 192 2635; x_wconf 89' lang='lat' dir='ltr'><strong>lln</strong></span> <span class='ocrx_word' id='word_1_181' title='bbox 206 2578 307 2636; x_wconf 90' lang='lat' dir='ltr'><strong>autem</strong></span> <span class='ocrx_word' id='word_1_182' title='bbox 321 2571 447 2655; x_wconf 84' lang='lat' dir='ltr'><strong>simplex</strong></span> <span class='ocrx_word' id='word_1_183' title='bbox 461 2570 601 2634; x_wconf 89' lang='lat' dir='ltr'><strong>sacerdos</strong></span> <span class='ocrx_word' id='word_1_184' title='bbox 614 2589 677 2634; x_wconf 91' lang='lat' dir='ltr'><strong>non</strong></span> <span class='ocrx_word' id='word_1_185' title='bbox 689 2570 872 2653; x_wconf 87' lang='lat' dir='ltr'><strong>approbatus</strong></span> <span class='ocrx_word' id='word_1_186' title='bbox 885 2589 941 2654; x_wconf 92' lang='lat' dir='ltr'><strong>pro</strong></span> <span class='ocrx_word' id='word_1_187' title='bbox 955 2571 1073 2635; x_wconf 85' lang='lat' dir='ltr'><strong>contes-</strong></span> 
     </span>
     <span class='ocr_line' id='line_1_27' title="bbox 103 2659 1075 2744; baseline 0.001 -21"><span class='ocrx_word' id='word_1_188' title='bbox 103 2661 188 2724; x_wconf 79' lang='lat' dir='ltr'><strong>s&#39;one</strong></span> <span class='ocrx_word' id='word_1_189' title='bbox 201 2663 295 2744; x_wconf 88' lang='lat' dir='ltr'><strong>possit</strong></span> <span class='ocrx_word' id='word_1_190' title='bbox 307 2661 459 2728; x_wconf 86' lang='lat' dir='ltr'><strong>absolvere</strong></span> <span class='ocrx_word' id='word_1_191' title='bbox 473 2663 491 2722; x_wconf 80' lang='lat' dir='ltr'><strong>b</strong></span> <span class='ocrx_word' id='word_1_192' title='bbox 504 2659 641 2722; x_wconf 90' lang='lat' dir='ltr'><strong>censuris</strong></span> <span class='ocrx_word' id='word_1_193' title='bbox 656 2677 718 2721; x_wconf 94' lang='lat' dir='ltr'><strong>non</strong></span> <span class='ocrx_word' id='word_1_194' title='bbox 732 2661 906 2738; x_wconf 85' lang='lat' dir='ltr'><strong>reservetis,</strong></span> <span class='ocrx_word' id='word_1_195' title='bbox 922 2679 991 2743; x_wconf 84' lang='lat' dir='ltr'><strong>qure</strong></span> <span class='ocrx_word' id='word_1_196' title='bbox 1005 2669 1075 2724; x_wconf 91' lang='lat' dir='ltr'><strong>sunt</strong></span> 
     </span>
     <span class='ocr_line' id='line_1_28' title="bbox 103 2748 1073 2833; baseline -0.001 -20"><span class='ocrx_word' id='word_1_197' title='bbox 103 2753 121 2813; x_wconf 76' lang='lat' dir='ltr'><strong>b</strong></span> <span class='ocrx_word' id='word_1_198' title='bbox 131 2752 217 2830; x_wconf 86' lang='lat' dir='ltr'><strong>jure,</strong></span> <span class='ocrx_word' id='word_1_199' title='bbox 233 2750 379 2833; x_wconf 86' lang='lat' dir='ltr'><strong>quidquid</strong></span> <span class='ocrx_word' id='word_1_200' title='bbox 396 2750 498 2812; x_wconf 87' lang='lat' dir='ltr'><strong>dicant</strong></span> <span class='ocrx_word' id='word_1_201' title='bbox 515 2748 689 2811; x_wconf 91' lang='lat' dir='ltr'><strong>Salmantic.</strong></span> <span class='ocrx_word' id='word_1_202' title='bbox 711 2755 741 2812; x_wconf 89' lang='lat' dir='ltr'><strong>et</strong></span> <span class='ocrx_word' id='word_1_203' title='bbox 758 2749 809 2812; x_wconf 91' lang='lat' dir='ltr'><strong>alil</strong></span> <span class='ocrx_word' id='word_1_204' title='bbox 832 2749 991 2828; x_wconf 90' lang='lat' dir='ltr'><strong>nonnulli,</strong></span> <span class='ocrx_word' id='word_1_205' title='bbox 1007 2769 1073 2812; x_wconf 93' lang='lat' dir='ltr'><strong>om-</strong></span> 
     </span>
     <span class='ocr_line' id='line_1_29' title="bbox 104 2837 1072 2922; baseline 0.001 -20"><span class='ocrx_word' id='word_1_206' title='bbox 104 2839 177 2902; x_wconf 85' lang='lat' dir='ltr'><strong>ninb</strong></span> <span class='ocrx_word' id='word_1_207' title='bbox 191 2838 365 2922; x_wconf 81' lang='lat' dir='ltr'><strong>negandum</strong></span> <span class='ocrx_word' id='word_1_208' title='bbox 385 2846 449 2914; x_wconf 91' lang='lat' dir='ltr'><strong>est,</strong></span> <span class='ocrx_word' id='word_1_209' title='bbox 464 2839 535 2900; x_wconf 84' lang='lat' dir='ltr'><strong>cum</strong></span> <span class='ocrx_word' id='word_1_210' title='bbox 549 2855 586 2900; x_wconf 89' lang='lat' dir='ltr'><strong>ex</strong></span> <span class='ocrx_word' id='word_1_211' title='bbox 599 2837 680 2898; x_wconf 91' lang='lat' dir='ltr'><strong>dicto</strong></span> <span class='ocrx_word' id='word_1_212' title='bbox 700 2837 831 2920; x_wconf 91' lang='lat' dir='ltr'><strong>capitulo</strong></span> <span class='ocrx_word' id='word_1_213' title='bbox 845 2837 969 2920; x_wconf 77' lang='lat' dir='ltr'><strong>Nuper,</strong></span> <span class='ocrx_word' id='word_1_214' title='bbox 986 2839 1072 2903; x_wconf 89' lang='lat' dir='ltr'><strong>abso·</strong></span> 
     </span>
     <span class='ocr_line' id='line_1_30' title="bbox 104 2921 1074 3010; baseline 0.003 -23"><span class='ocrx_word' id='word_1_215' title='bbox 104 2921 177 2990; x_wconf 88' lang='lat' dir='ltr'><strong>lutio</strong></span> <span class='ocrx_word' id='word_1_216' title='bbox 191 2937 235 2992; x_wconf 91' lang='lat' dir='ltr'><strong>est</strong></span> <span class='ocrx_word' id='word_1_217' title='bbox 248 2927 347 2991; x_wconf 89' lang='lat' dir='ltr'><strong>danda</strong></span> <span class='ocrx_word' id='word_1_218' title='bbox 360 2923 505 2990; x_wconf 78' lang='lat' dir='ltr'><strong>duntaxat</strong></span> <span class='ocrx_word' id='word_1_219' title='bbox 517 2927 535 2988; x_wconf 87' lang='grc' dir='ltr'><em>ἀ</em></span> <span class='ocrx_word' id='word_1_220' title='bbox 544 2925 669 3008; x_wconf 84' lang='lat' dir='ltr'><strong>proprio</strong></span> <span class='ocrx_word' id='word_1_221' title='bbox 679 2925 844 3005; x_wconf 87' lang='lat' dir='ltr'><strong>sacerdote,</strong></span> <span class='ocrx_word' id='word_1_222' title='bbox 858 2927 955 3008; x_wconf 89' lang='lat' dir='ltr'><strong>qualis</strong></span> <span class='ocrx_word' id='word_1_223' title='bbox 969 2930 1074 3010; x_wconf 85' lang='lat' dir='ltr'><strong>nequit</strong></span> 
     </span>
     <span class='ocr_line' id='line_1_31' title="bbox 108 3014 934 3099; baseline 0.001 -23"><span class='ocrx_word' id='word_1_224' title='bbox 108 3015 233 3098; x_wconf 82' lang='lat' dir='ltr'><strong>intelligi</strong></span> <span class='ocrx_word' id='word_1_225' title='bbox 248 3017 377 3099; x_wconf 81' lang='lat' dir='ltr'><strong>simplex</strong></span> <span class='ocrx_word' id='word_1_226' title='bbox 390 3015 540 3078; x_wconf 88' lang='lat' dir='ltr'><strong>sacerdos.</strong></span> <span class='ocrx_word' id='word_1_227' title='bbox 557 3016 599 3093; x_wconf 89' lang='lat' dir='ltr'><strong>(S.</strong></span> <span class='ocrx_word' id='word_1_228' title='bbox 613 3014 693 3096; x_wconf 72' lang='lat' dir='ltr'><strong>lig,</strong></span> <span class='ocrx_word' id='word_1_229' title='bbox 708 3014 760 3076; x_wconf 91' lang='lat' dir='ltr'><strong>lib.</strong></span> <span class='ocrx_word' id='word_1_230' title='bbox 776 3019 794 3077; x_wconf 89' lang='lat' dir='ltr'><strong>&#39;l</strong></span> <span class='ocrx_word' id='word_1_231' title='bbox 803 3062 812 3093; x_wconf 93' lang='lat'><strong>,</strong></span> <span class='ocrx_word' id='word_1_232' title='bbox 826 3017 858 3077; x_wconf 85' lang='lat' dir='ltr'><strong>n⁰</strong></span> <span class='ocrx_word' id='word_1_233' title='bbox 871 3019 934 3090; x_wconf 79' lang='lat'><strong>71.)</strong></span> 
     </span>
    </p>
   </div>
   <div class='ocr_carea' id='block_1_6' title="bbox 103 3127 1074 3744">
    <p class='ocr_par' dir='ltr' id='par_1_7' title="bbox 103 3127 1074 3744">
     <span class='ocr_line' id='line_1_32' title="bbox 146 3127 1073 3192; baseline 0.002 -4"><span class='ocrx_word' id='word_1_234' title='bbox 146 3129 235 3189; x_wconf 77' lang='lat' dir='ltr'><strong>oeta.</strong></span> <span class='ocrx_word' id='word_1_235' title='bbox 256 3163 296 3176; x_wconf 93' lang='lat'><strong>-··</strong></span> <span class='ocrx_word' id='word_1_236' title='bbox 315 3133 348 3192; x_wconf 72' lang='lat'><strong>2⁹</strong></span> <span class='ocrx_word' id='word_1_237' title='bbox 375 3128 405 3192; x_wconf 82' lang='lat' dir='ltr'><strong>si</strong></span> <span class='ocrx_word' id='word_1_238' title='bbox 429 3145 564 3190; x_wconf 78' lang='lat' dir='ltr'><strong>censuras</strong></span> <span class='ocrx_word' id='word_1_239' title='bbox 591 3127 652 3190; x_wconf 92' lang='lat' dir='ltr'><strong>sint</strong></span> <span class='ocrx_word' id='word_1_240' title='bbox 673 3129 711 3190; x_wconf 89' lang='lat' dir='ltr'><strong>ab</strong></span> <span class='ocrx_word' id='word_1_241' title='bbox 734 3127 858 3192; x_wconf 86' lang='lat' dir='ltr'><strong>homine</strong></span> <span class='ocrx_word' id='word_1_242' title='bbox 890 3135 921 3192; x_wconf 90' lang='lat' dir='ltr'><strong>et</strong></span> <span class='ocrx_word' id='word_1_243' title='bbox 939 3128 1073 3190; x_wconf 87' lang='lat' dir='ltr'><strong>ferantur</strong></span> 
     </span>
     <span class='ocr_line' id='line_1_33' title="bbox 105 3215 1072 3300; baseline 0.001 -23"><span class='ocrx_word' id='word_1_244' title='bbox 105 3231 160 3299; x_wconf 85' lang='lat' dir='ltr'><strong>per</strong></span> <span class='ocrx_word' id='word_1_245' title='bbox 185 3215 308 3280; x_wconf 88' lang='lat' dir='ltr'><strong>modum</strong></span> <span class='ocrx_word' id='word_1_246' title='bbox 338 3218 490 3280; x_wconf 78' lang='lat' dir='ltr'><strong>sententio</strong></span> <span class='ocrx_word' id='word_1_247' title='bbox 510 3216 708 3300; x_wconf 80' lang='lat' dir='ltr'><strong>particularia</strong></span> <span class='ocrx_word' id='word_1_248' title='bbox 730 3223 835 3280; x_wconf 91' lang='lat' dir='ltr'><strong>contra</strong></span> <span class='ocrx_word' id='word_1_249' title='bbox 858 3216 1072 3278; x_wconf 83' lang='lat' dir='ltr'><strong>determinatas</strong></span> 
     </span>
     <span class='ocr_line' id='line_1_34' title="bbox 104 3303 1071 3388; baseline -0.003 -20"><span class='ocrx_word' id='word_1_250' title='bbox 104 3323 276 3388; x_wconf 88' lang='lat' dir='ltr'><strong>personas,</strong></span> <span class='ocrx_word' id='word_1_251' title='bbox 302 3307 413 3370; x_wconf 86' lang='lat' dir='ltr'><strong>absolvi</strong></span> <span class='ocrx_word' id='word_1_252' title='bbox 441 3312 597 3388; x_wconf 87' lang='lat' dir='ltr'><strong>nequeunt</strong></span> <span class='ocrx_word' id='word_1_253' title='bbox 621 3305 687 3368; x_wconf 87' lang='lat' dir='ltr'><strong>&#39;nisi</strong></span> <span class='ocrx_word' id='word_1_254' title='bbox 719 3305 758 3367; x_wconf 91' lang='lat' dir='ltr'><strong>ab</strong></span> <span class='ocrx_word' id='word_1_255' title='bbox 785 3305 913 3387; x_wconf 89' lang='lat' dir='ltr'><strong>ipsomet</strong></span> <span class='ocrx_word' id='word_1_256' title='bbox 938 3303 1071 3380; x_wconf 84' lang='lat' dir='ltr'><strong>terente,</strong></span> 
     </span>
     <span class='ocr_line' id='line_1_35' title="bbox 103 3392 1073 3479; baseline -0.002 -20"><span class='ocrx_word' id='word_1_257' title='bbox 103 3395 198 3460; x_wconf 80' lang='lat' dir='ltr'><strong>veleb</strong></span> <span class='ocrx_word' id='word_1_258' title='bbox 211 3395 276 3476; x_wconf 89' lang='lat' dir='ltr'><strong>ejus</strong></span> <span class='ocrx_word' id='word_1_259' title='bbox 285 3396 456 3479; x_wconf 91' lang='lat' dir='ltr'><strong>Superiore,</strong></span> <span class='ocrx_word' id='word_1_260' title='bbox 467 3403 519 3458; x_wconf 88' lang='lat' dir='ltr'><strong>aut</strong></span> <span class='ocrx_word' id='word_1_261' title='bbox 530 3397 708 3458; x_wconf 87' lang='lat' dir='ltr'><strong>Successore</strong></span> <span class='ocrx_word' id='word_1_262' title='bbox 720 3399 772 3456; x_wconf 80' lang='lat' dir='ltr'><strong>eut</strong></span> <span class='ocrx_word' id='word_1_263' title='bbox 780 3393 917 3473; x_wconf 84' lang='lat' dir='ltr'><strong>delegato</strong></span> <span class='ocrx_word' id='word_1_264' title='bbox 927 3413 934 3454; x_wconf 93' lang='lat'>:</span> <span class='ocrx_word' id='word_1_265' title='bbox 946 3392 1073 3475; x_wconf 87' lang='lat' dir='ltr'><strong>proinde</strong></span> 
     </span>
     <span class='ocr_line' id='line_1_36' title="bbox 105 3481 1074 3568; baseline -0.004 -19"><span class='ocrx_word' id='word_1_266' title='bbox 105 3503 167 3548; x_wconf 92' lang='lat' dir='ltr'><strong>non</strong></span> <span class='ocrx_word' id='word_1_267' title='bbox 194 3487 212 3548; x_wconf 75' lang='lat' dir='ltr'><strong>a</strong></span> <span class='ocrx_word' id='word_1_268' title='bbox 235 3485 464 3568; x_wconf 86' lang='lat' dir='ltr'><strong>Metropolitano</strong></span> <span class='ocrx_word' id='word_1_269' title='bbox 491 3483 548 3547; x_wconf 90' lang='lat' dir='ltr'><strong>nisi</strong></span> <span class='ocrx_word' id='word_1_270' title='bbox 565 3485 597 3546; x_wconf 91' lang='lat' dir='ltr'><strong>in</strong></span> <span class='ocrx_word' id='word_1_271' title='bbox 623 3501 695 3546; x_wconf 88' lang='lat' dir='ltr'><strong>casu</strong></span> <span class='ocrx_word' id='word_1_272' title='bbox 715 3481 942 3563; x_wconf 86' lang='lat' dir='ltr'><strong>appellationis,</strong></span> <span class='ocrx_word' id='word_1_273' title='bbox 965 3487 995 3543; x_wconf 91' lang='lat' dir='ltr'><strong>et</strong></span> <span class='ocrx_word' id='word_1_274' title='bbox 1017 3481 1074 3546; x_wconf 94' lang='lat' dir='ltr'><strong>hoc</strong></span> 
     </span>
     <span class='ocr_line' id='line_1_37' title="bbox 103 3568 1073 3660; baseline -0.009 -19"><span class='ocrx_word' id='word_1_275' title='bbox 103 3575 227 3660; x_wconf 81' lang='lat' dir='ltr'><strong>quidem</strong></span> <span class='ocrx_word' id='word_1_276' title='bbox 242 3576 333 3640; x_wconf 87' lang='lat' dir='ltr'><strong>modd</strong></span> <span class='ocrx_word' id='word_1_277' title='bbox 345 3593 474 3638; x_wconf 88' lang='lat' dir='ltr'><strong>censura</strong></span> <span class='ocrx_word' id='word_1_278' title='bbox 488 3575 567 3634; x_wconf 80' lang='lat' dir='ltr'><strong>certe</strong></span> <span class='ocrx_word' id='word_1_279' title='bbox 576 3572 665 3634; x_wconf 86' lang='lat' dir='ltr'><strong>fuerit</strong></span> <span class='ocrx_word' id='word_1_280' title='bbox 678 3570 797 3652; x_wconf 87' lang='lat' dir='ltr'><strong>injusta,</strong></span> <span class='ocrx_word' id='word_1_281' title='bbox 812 3569 858 3632; x_wconf 87' lang='lat' dir='ltr'><strong>vel</strong></span> <span class='ocrx_word' id='word_1_282' title='bbox 869 3568 1073 3649; x_wconf 78' lang='lat' dir='ltr'><strong>injustbabso-</strong></span> 
     </span>
     <span class='ocr_line' id='line_1_38' title="bbox 105 3657 1071 3744; baseline -0.006 -18"><span class='ocrx_word' id='word_1_283' title='bbox 105 3666 178 3728; x_wconf 88' lang='lat' dir='ltr'><strong>lutio</strong></span> <span class='ocrx_word' id='word_1_284' title='bbox 194 3670 234 3726; x_wconf 88' lang='lat' dir='ltr'><strong>sit</strong></span> <span class='ocrx_word' id='word_1_285' title='bbox 254 3665 401 3744; x_wconf 77' lang='lat' dir='ltr'><strong>denegata</strong></span> <span class='ocrx_word' id='word_1_286' title='bbox 418 3662 457 3725; x_wconf 89' lang='lat' dir='ltr'><strong>ab</strong></span> <span class='ocrx_word' id='word_1_287' title='bbox 469 3661 636 3723; x_wconf 82' lang='lat' dir='ltr'><strong>ordinario.</strong></span> <span class='ocrx_word' id='word_1_288' title='bbox 656 3658 729 3721; x_wconf 92' lang='lat' dir='ltr'><strong>Vide</strong></span> <span class='ocrx_word' id='word_1_289' title='bbox 754 3676 822 3739; x_wconf 91' lang='lat' dir='ltr'><strong>cap.</strong></span> <span class='ocrx_word' id='word_1_290' title='bbox 851 3657 901 3722; x_wconf 82' lang='lat' dir='ltr'><strong>Ad</strong></span> <span class='ocrx_word' id='word_1_291' title='bbox 914 3660 1071 3741; x_wconf 77' lang='lat' dir='ltr'><strong>rrprt&#39;men</strong></span> 
     </span>
    </p>
   </div>
   <div class='ocr_carea' id='block_1_7' title="bbox 0 0 1278 3988">
    <p class='ocr_par' dir='ltr' id='par_1_8' title="bbox 0 0 1278 3988">
     <span class='ocr_line' id='line_1_39' title="bbox 0 0 1278 3988; baseline 0 0"><span class='ocrx_word' id='word_1_292' title='bbox 0 0 1278 3988; x_wconf 95' lang='lat' dir='ltr'><strong> </strong></span> 
     </span>
    </p>
   </div>
   <div class='ocr_carea' id='block_1_8' title="bbox 8 3900 357 3947">
    <p class='ocr_par' dir='ltr' id='par_1_9' title="bbox 8 3900 357 3947">
     <span class='ocr_line' id='line_1_40' title="bbox 8 3900 357 3947; baseline 0 0"><span class='ocrx_word' id='word_1_293' title='bbox 8 3900 302 3943; x_wconf 60' lang='grc' dir='ltr'><strong>ΙΙῘ-*--“-··---ι---ι</strong></span> <span class='ocrx_word' id='word_1_294' title='bbox 316 3940 327 3945; x_wconf 92' lang='grc'><strong>..</strong></span> <span class='ocrx_word' id='word_1_295' title='bbox 341 3942 357 3947; x_wconf 75' lang='grc'><strong>.,</strong></span> 
     </span>
    </p>
   </div>
  </div>
 </body>
</html>
