2452 3984
201 192 260 256 ΞΗ
422 208 559 255 ulnulas
580 209 680 256 nortus
702 209 781 256 tultis
802 209 948 256 canonici.

201 309 226 368 si
237 327 271 387 pr
274 309 332 384 das
341 306 454 370 idest
433 327 456 369 si
464 316 533 370 ante
541 309 706 372 triennium
716 309 853 390 elapsum
861 309 1117 394 nullitaspelatur
1123 330 1166 373 au·

200 395 311 458 dienda
325 402 371 459 est
384 416 409 458 si
400 397 530 478 alleget
552 397 639 478 signa
653 403 734 460 certa
752 397 798 459 vel
813 397 918 460 saltem
935 400 1128 464 verisimilia
1122 419 1165 460 nn

198 473 362 566 potentiae;
388 487 414 548 si
438 488 510 548 vero
530 486 629 548 solum
654 485 764 560 dubio,
788 503 851 549 uon
871 485 1024 550 audienda
1043 496 1167 551 estante

199 573 388 654 triennium,
403 573 460 636 nisi
474 575 587 653 statim,
601 574 632 636 id
650 581 695 637 est
708 581 776 657 post
793 593 891 637 unum
904 575 951 637 vel
963 575 1044 638 duos
1059 594 1168 639 menses

203 661 221 723 ts
243 663 360 744 copulae
380 665 575 726 attentatione
595 663 728 744 elapsos,
750 663 904 727 reclamet.
929 663 981 727 Sic
1000 664 1169 727 conciliatur

203 769 269 834 cap
286 752 485 834 Accepratil,
509 753 553 814 tit.
571 756 608 814 45
623 752 675 814 lib.
691 757 711 814 4
737 754 854 815 Decret.
880 771 954 816 cum
972 771 1068 835 supra
1084 753 1168 816 citatis

203 841 351 923 capitulis.
367 841 453 918 (Vide
468 841 572 920 Bouix,
588 841 665 923 lap
645 861 675 923 p.
691 844 774 918 469.)

244 933 333 994 6095.
356 929 435 994 Noto
450 929 574 1012 insuper
587 933 618 992 3ο
633 929 714 1010 qudd
728 929 752 990 si
768 928 807 1004 is,
818 929 859 992 ob
871 930 958 1009 cujus
970 931 1169 1012 impotentiam

204 1017 385 1082 dissolutum
408 1025 454 1081 est
473 1019 718 1094 matrimonium,
741 1023 845 1098 postea
867 1019 1071 1100 comperiatur
1091 1020 1171 1082 luisse

206 1109 274 1170 vere
288 1115 395 1189 potens
416 1107 505 1169 etiam
530 1107 649 1170 relative
670 1105 707 1169 ad
722 1107 884 1186 conjugem
899 1106 1074 1170 derelictam
1089 1156 1099 1188 ,
1117 1127 1172 1170 res·

206 1195 386 1258 taurandum
402 1203 447 1258 est
464 1196 547 1277 prius
567 1193 813 1271 matrimonium,
826 1194 968 1262 etsialiae
984 1195 1100 1278 nuptiae
1113 1195 1173 1260 iuis

206 1291 273 1346 sent
287 1285 378 1347 initae.
391 1283 477 1346 Ratio
491 1290 572 1366 patet
588 1304 595 1346 :
610 1283 678 1346 vide
699 1299 789 1363 supra
803 1283 917 1362 (aaut).

246 1377 335 1436 6096.
359 1373 480 1447 Quaerit.
503 1377 535 1434 ἰο
559 1371 717 1446 Quomodo
731 1370 769 1432 sit
791 1370 1019 1451 procedendum
1033 1392 1092 1455 pro
1105 1375 1172 1436 obti-

207 1460 308 1524 nenda
320 1461 545 1544 dispensatione
565 1478 656 1542 super
678 1459 871 1522 matrimonio
888 1465 953 1523 rato
973 1467 1005 1524 et
1022 1479 1087 1524 non
1106 1481 1172 1526 con-

206 1551 382 1614 summato'l

247 1641 337 1723 Resp.
356 1635 393 1704 S.
416 1640 528 1720 Gongr.
548 1639 640 1702 Cone.
666 1655 729 1700 non
752 1636 919 1700 concedere
941 1637 1173 1722 dispensationes

207 1726 401 1810 hujusmodi,
416 1728 470 1792 sed
483 1729 582 1790 solum
595 1733 698 1790 notum
712 1725 912 1789 consultirum
935 1729 1072 1793 emittere
1091 1749 1173 1813 super

207 1816 288 1880 hoo·
303 1837 374 1880 num
397 1818 438 1880 sit
458 1818 535 1880 locus
553 1813 736 1877 concedendae
753 1812 986 1896 drffspeasaconu.
1008 1819 1053 1880 lta
1066 1819 1172 1882 Bencd.

208 1907 295 1970 XlV'
288 1925 319 1969 ιιι
333 1909 434 1969 Const.
446 1907 504 1969 Der
513 1905 698 1967 miseratione
708 1921 800 1985 supra
813 1903 910 1966 citata.
926 1905 1062 1970 Examen
1076 1917 1173 1972 autem

130 1982 139 1993 ’
209 1995 357 2078 Congreg.
373 2003 507 2059 versatur
520 1994 599 2058 circa
621 1993 682 2055 duo
699 1991 788 2054 haeo·
781 2037 788 2052 .
804 2011 844 2054 on
859 1991 1002 2074 prodeun-
1022 1999 1174 2060 matrimo-

210 2085 296 2148 nium
310 2103 372 2148 non
385 2085 476 2147 fuisse
490 2079 756 2145 consummatum?
770 2083 869 2158 etan,
884 2081 942 2144 hoc
955 2083 1094 2163 probato,
1103 2087 1174 2166 justa

209 2173 355 2254 allegetur
373 2171 567 2254 dispensandi
587 2170 700 2232 causat
720 2187 789 2250 quae
810 2169 834 2231 si
847 2169 909 2232 duo
925 2177 1076 2252 constent,
1101 2178 1131 2238 S.
1146 2178 1171 2238 0

209 2261 370 2342 respondet
383 2258 575 2342 effrenatio&
588 2258 613 2320 si
630 2264 730 2320 autem
745 2257 921 2322 alterutmm
935 2257 1029 2340 desit,
1046 2267 1175 2346 negative

210 2349 382 2430 respondet.
395 2351 431 2410 Et
446 2354 547 2430 postea
561 2347 745 2410 Secretarius
758 2347 790 2408 S.
807 2348 954 2430 Congreg.
971 2347 1070 2413 defert
1079 2359 1174 2416 votum

210 2439 247 2501 ad
258 2438 484 2502 Sanctissimum
493 2437 557 2520 qui,
574 2443 663 2519 prout
677 2434 752 2500 illud
765 2436 911 2517 approbat
920 2443 971 2500 aut
984 2439 1098 2520 reiicit,
1113 2461 1176 2504 con-

210 2527 288 2590 cedit
301 2527 345 2590 rel
360 2527 489 2608 denegat
501 2523 770 2606 dispensationem.
787 2523 863 2586 Vide
875 2524 933 2588 alia
946 2543 995 2608 ap.
1013 2527 1111 2592 Bouix
1126 2531 1175 2608 (οι

211 2617 357 2694 Iudiciis,
372 2623 447 2678 tom.
463 2618 503 2694 2,
519 2633 549 2696 p.
566 2617 719 2690 454458).
737 2643 776 2660 -
790 2613 836 2674 ct.
853 2614 931 2692 app.
946 2613 996 2674 lll.

250 2709 339 2768 udat.
363 2703 485 2777 Quaerit.
500 2705 532 2766 0ο
547 2701 705 2776 Quomodo
726 2699 850 2784 procedi
868 2701 977 2766 debeat
993 2703 1027 2766 in
1042 2705 1176 2769 informa·

133 2801 135 2804 ’
210 2795 292 2856 tione
305 2793 451 2875 capienda
472 2793 510 2856 de
533 2799 612 2858 statu
631 2791 726 2854 littero
747 2807 855 2854 eorum
878 2791 930 2873 qui
952 2794 1174 2858 matrimonium

211 2882 289 2944 inire
302 2881 449 2964 cupiunt?

252 2974 342 3054 Resp.
364 2972 407 3032 Ειι
423 2969 538 3033 Concil.
560 2968 643 3034 Trid.
667 2972 751 3046 (sess.
772 2971 828 3047 94,
851 2987 881 3034 c.
900 2971 939 3046 ι,
961 2968 998 3033 de
1011 2969 1097 3053 rest,
1119 2989 1174 3034 non

212 3061 303 3123 debet
312 3059 462 3142 parochus
474 3076 620 3142 vagorum
634 3058 833 3120 matrimoniis
855 3057 1011 3137 assistere,
1028 3060 1085 3122 nisi
1100 3060 1174 3143 prius

212 3151 371 3231 diligenter
385 3147 556 3230 inquisierit
568 3155 670 3210 utrum
692 3147 753 3208 sint
766 3147 851 3210 liberi
871 3145 909 3209 ad
922 3147 1172 3224 contrahendum,

213 3246 244 3301 et
258 3239 314 3300 nisi
333 3239 475 3319 insuper,
494 3239 616 3318 negotio
634 3235 672 3298 ad
685 3235 878 3298 Ordinarium
895 3235 1013 3309 delato,
1033 3237 1171 3301 licentiam

214 3325 396 3409 procedendi
409 3325 447 3388 ad
462 3325 689 3387 matrimonium
702 3325 740 3385 ab
754 3324 819 3405 ipso
832 3323 1005 3386 obtinuerit.

254 3419 298 3476 Ex
312 3414 507 3478 instructione
520 3414 591 3475 verd
604 3413 635 3474 S.
647 3411 741 3474 Officii
751 3431 805 3493 per
814 3413 975 3475 Decretum
985 3413 1170 3478 Clementisll

207 3501 411 3580 ‘confirmate
427 3505 463 3562 tl
481 3519 552 3582 aug.
569 3503 666 3577 1670,
681 3519 750 3584 quae
764 3500 821 3581 legi
833 3507 928 3581 potest
940 3517 989 3581 ap.
1008 3503 1100 3566 Bouir
1113 3501 1169 3581 (it.

218 3603 250 3662 p.
267 3591 354 3666 459),
369 3596 400 3650 et
412 3589 507 3652 lusids
520 3607 571 3669 ap.
585 3587 728 3651 Analecta
745 3588 817 3666 (avr.
834 3591 923 3665 tata,
938 3587 996 3650 ool.
1022 3590 1168 3666 047950),
