2466 4258
176 157 237 220 ”th
405 173 544 220 nannius
564 173 667 221 ronna
686 171 770 220 roera
790 172 937 221 canantur

178 312 250 355 men
273 292 366 353 istam
382 290 588 370 sententiam,
611 295 777 371 tamquam
802 289 856 354 sui
875 289 998 371 judicii
1025 293 1174 355 molinus

178 384 325 443 invocare
342 381 489 455 debebit;
506 398 611 462 neque
624 379 793 441 ullomodo
809 387 885 460 post
901 397 980 442 enm
998 382 1175 444 existiman-

178 472 253 533 dum
270 470 341 544 erit,
372 472 453 531 duas
478 471 589 532 adesse
605 469 781 532 sententias
795 470 1002 546 conformes,
1018 491 1042 533 a
1072 476 1176 552 quibis

179 579 309 623 necesse
327 560 444 621 nonsit
459 561 637 639 appellere.

218 651 268 712 tt.
286 649 393 721 Quoad
410 647 612 710 matrimonia
626 647 660 709 in
673 645 863 709 infidelitate
874 655 1069 723 contracta,
1082 655 1108 714 si
1119 655 1177 713 lit-⁵:
1213 703 1214 712 ,

179 739 335 801 dissoluta
349 737 502 799 dicautur
521 755 577 817 per
599 735 789 798 sententiam
804 736 928 798 editam
942 739 1061 801 veleb
1076 751 1179 803 aucto-

180 831 273 891 ritate
288 828 383 900 civili,
412 826 461 888 vel
487 845 507 888 a
531 826 643 905 quovis
664 823 813 886 tribunali
838 823 1045 903 infidelium,
1075 834 1179 891 eaden
1213 823 1214 832 ’

180 923 272 978 erunt
284 916 453 988 servanda,
471 933 541 994 qnae
557 915 641 976 dicta
656 919 728 974 sunt
740 915 779 976 de
790 915 1019 978 matrimoniis
1030 921 1177 980 resolutas

180 1026 237 1086 per
262 1007 451 1068 sententiam
482 1003 654 1065 tribunalis
683 1001 825 1064 baeretici
857 1009 918 1064 aut
959 1006 1177 1070 schismaliri.

181 1113 295 1174 nempe
308 1091 746 1156 causamadmittendumnon
762 1089 882 1169 esse‚si
897 1093 1046 1156 rescisio
1064 1099 1178 1176 procla·

182 1193 268 1245 mata
279 1185 374 1247 luerit
388 1201 428 1246 ex
442 1181 535 1244 titulo
548 1181 589 1242 ab
605 1179 745 1242 Ecclesia
758 1198 822 1241 non
832 1179 962 1261 agnito,
979 1185 1037 1246 vel
1051 1189 1177 1246 servan:

182 1274 348 1336 servandis
374 1289 444 1334 esse
459 1291 498 1333 ex
511 1271 634 1348 integro
651 1268 900 1344 instituendam,
918 1270 948 1332 si
976 1277 1177 1335 contrarium

182 1363 359 1439 contigerit.
375 1362 406 1422 Si
419 1380 494 1423 vero
510 1360 683 1438 conjugum
700 1359 861 1438 separatio
876 1359 1048 1424 acciderit
1062 1365 1177 1443 absque
1214 1377 1215 1380 ’

184 1453 246 1512 υΗο
258 1453 390 1529 judicio,
408 1450 644 1510 observandum
670 1454 775 1510 utrum
791 1465 880 1525 pare,
898 1468 980 1528 qnae
998 1470 1112 1514 coram
1129 1462 1176 1512 tn·

184 1541 292 1602 bunali
317 1540 472 1600 catholico
497 1555 592 1616 agere
615 1535 768 1613 intendit,
796 1538 989 1601 secuudum
1017 1543 1175 1604 matrinis

184 1631 271 1690 nium
285 1628 479 1690 contraxerit
494 1635 565 1706 post
587 1625 738 1708 baptismi
753 1626 1020 1708 susceptionem,
1037 1650 1081 1693 an
1096 1640 1168 1692 ante.

185 1719 214 1779 Si
227 1717 463 1778 matrimonium
477 1715 627 1778 acciderit
638 1732 708 1776 cum
724 1719 814 1794 parte
827 1714 1000 1778 catholica
1014 1728 1090 1799 post
1104 1723 1164 1798 bap·
1215 1769 1216 1786 ,

184 1808 266 1869 tismi
283 1808 526 1887 susceptionem,
541 1805 599 1866 erit
614 1803 854 1882 inquirendum,
872 1809 993 1870 utrum
1012 1828 1155 1888 presses-'-

183 1900 225 1960 rit
241 1895 384 1974 conjugis
399 1896 504 1957 adhuc
519 1893 655 1956 infidelis
671 1892 826 1955 canonica
852 1891 1096 1974 interpellatio,
1112 1901 1153 1956 unt

15 2039 97 2072 a»
184 1989 296 2049 saltem
320 1987 497 2061 elegitima
520 1990 676 2062 potestate
703 1979 798 2044 luerit
822 1998 924 2063 super
939 1986 1068 2048 eadem
1084 1989 1162 2048 inist-

98 2061 355 2160 gs*psallatione
372 2076 603 2155 dispensatum.
627 2073 787 2144 Quatenus
809 2069 999 2136 constiterit
1025 2076 1068 2136 de
1098 2076 1168 2135 lain

184 2164 437 2245 interpellatione
453 2169 508 2226 aut
522 2164 561 2226 de
577 2162 662 2224 illius
677 2159 928 2238 dispensatione,
946 2163 1097 2242 primum
1114 2183 1169 2222 rna-

185 2256 368 2318 trimonium
397 2253 505 2333 nequit
535 2251 672 2330 amplius
701 2250 893 2311 constituere
928 2249 1103 2314 vinculum
1130 2271 1169 2311 se·

186 2348 322 2410 cundum
340 2345 534 2406 connubium
556 2340 702 2412 irritans;
728 2343 884 2416 quatenus
908 2356 992 2402 vero
1008 2341 1169 2420 usquein·

185 2434 365 2516 terpsllalio
402 2450 505 2513 neque
540 2429 683 2508 ejusdem
718 2427 915 2506 dispensatio
954 2431 1167 2506 praecesserit.
1216 2429 1217 2436 ’

104 2513 110 2526 '
154 2585 158 2593 ,
187 2515 857 2606 primummatrimoniumobstsbitquidem
874 2517 1034 2594 secundo,
1052 2521 1108 2581 sed
1121 2521 1168 2582 Or·

122 2621 125 2626 '
186 2616 327 2677 dinarius
345 2613 503 2692 judicium
526 2605 723 2686 suspendere
738 2604 879 2682 debebit,
901 2611 935 2668 et
964 2624 1081 2672 casum
1106 2625 1165 2670 cun

187 2707 338 2767 omnibus
349 2704 415 2763 suis
425 2695 673 2762 circumstantiis
683 2694 722 2756 ad
738 2693 770 2755 S.
787 2693 900 2756 Sedem
909 2693 1095 2771 remittere,
1107 2715 1166 2775 quo

187 2795 246 2875 ipsi
261 2791 429 2855 Ordinario
444 2788 520 2868 quid
533 2785 716 2847 laciendum
730 2783 782 2858 sit,
795 2783 962 2846 indicabit.
975 2785 1026 2848 Ad
1042 2787 1162 2867 proban·

187 2888 263 2946 dnm
274 2900 362 2956 vero,
374 2886 479 2939 utrum
491 2873 707 2954 interpellatio
723 2873 771 2935 vel
784 2871 851 2952 ejus
864 2871 1073 2953 dispensatio
1083 2877 1153 2934 iuter·

187 2973 330 3048 cesserit,
361 2967 545 3029 consulendi
574 2970 668 3026 erunt
691 2961 767 3024 libri
795 2962 1094 3038 matrimoniorum,
1113 2957 1154 3017 tel

190 3064 285 3125 etiam
308 3063 433 3136 regesta
462 3056 570 3130 curiae,
596 3052 770 3133 inquibus
800 3050 869 3112 haec
898 3058 1058 3114 accurate
1086 3053 1162 3112 erunt

190 3169 315 3231 semper
341 3147 547 3209 recensenda.
566 3143 700 3216 Quodsi
727 3140 902 3202 secundum
932 3143 1167 3204 matrimonium

190 3244 388 3303 contractum
412 3235 507 3296 luerit
523 3233 617 3294 etiam
644 3231 676 3291 in
705 3227 905 3302 infidelitate,
916 3231 1169 3306 praesumendam

190 3329 315 3411 quidem
332 3327 390 3389 erit
405 3325 503 3404 quod,
534 3327 704 3398 antequam
735 3334 882 3396 persona,
900 3314 942 3378 de
964 3337 1032 3398 qua
1061 3319 1169 3399 agitur.

191 3422 230 3483 ad
245 3419 434 3498 baptismum
449 3412 681 3483 admitteretur,
695 3411 823 3468 servate
835 3405 956 3468 luerint
967 3409 1093 3484 omnia,
1110 3425 1171 3485 qun

190 3530 297 3575 sacros
312 3524 450 3571 canones
465 3522 522 3584 pro
543 3499 593 3562 his
621 3497 747 3559 casibus
775 3501 939 3570 statuunt3
962 3499 1022 3560 sed
1038 3497 1067 3560 si
1090 3497 1167 3560 insti·
