2548 3988
184 219 244 284 4438
404 232 543 282 sanuses
561 219 663 282 rorans
682 221 763 282 suari
784 233 932 284 cavamen

184 331 250 396 dum
264 335 295 410 8,
305 323 341 396 de
352 331 433 416 offic.
443 331 513 414 jud.
530 331 626 396 ordin.
642 335 825 400 Estcertum
837 337 868 396 94
880 345 1056 397 commune.
1073 332 1105 397 Si
1120 337 1159 396 ta·

184 439 256 485 men
265 419 357 501 iudex
370 428 528 485 testaretur
541 427 734 486 consumtum
747 423 811 502 jam
825 420 1016 496 satisfecisse,
1031 419 1079 484 vel
1093 441 1162 486 essa

184 509 390 589 emendatum,
404 517 479 574 tunc
492 517 664 574 censeretur
676 511 722 573 vel
736 510 835 592 ipsum
847 511 911 591 jam
924 509 1097 589 absolvere,
1114 511 1161 574 vel

185 599 360 681 squalidas,
373 597 587 662 absolvendum
602 599 763 662 remittere.
780 599 926 662 Praedicta
944 599 1049 681 regula
1069 600 1162 662 intel-

184 686 287 770 ligitur
300 691 389 753 ctiam
403 688 443 752 dc·
455 705 527 752 caso
540 705 602 771 quo
616 689 684 772 quis
701 687 830 770 deliquit
842 688 873 750 in
895 687 994 750 alieno
1006 689 1163 752 territorio

184 782 216 840 el
236 777 275 840 ab
288 779 437 860 Episcopo
450 777 508 842 loci
521 775 690 860 specialiter
711 777 1007 853 excommunicatum
1026 777 1096 841 talis
1111 797 1152 842 cx

185 869 419 932 communicatio
429 867 538 930 absolvi
549 868 653 950 nequit
663 867 753 930 eliam
764 868 782 928 a
793 866 916 950 proprio
924 866 1087 949 Episcopo,
1102 867 1163 932 nisi

185 955 224 1018 de
237 957 377 1039 Episcopi
392 957 447 1020 loci
464 957 564 1020 delicti
579 956 708 1020 licentii.

225 1049 314 1108 6443.
338 1047 369 1109 Si
389 1048 459 1108 vero
472 1064 608 1109 censura
621 1047 660 1108 ab
679 1045 803 1108 homine
822 1044 958 1110 ferantur
970 1065 1025 1130 per
1042 1053 1165 1110 senten·

186 1133 259 1196 tiam
272 1135 445 1214 generalem
467 1141 497 1198 el
515 1155 577 1198 non
600 1136 659 1197 sint
672 1141 844 1213 reservatae,
860 1135 971 1199 absclti
994 1143 1124 1218 possunt
1145 1140 1164 1199 4

187 1239 398 1305 quocumque,
415 1226 487 1306 quia
499 1223 672 1305 hujusmodl
693 1241 830 1287 censurae
843 1225 1069 1307 aequlparanlur
1086 1243 1163 1288 cen-

187 1311 264 1374 suris
278 1311 345 1374 lctis
358 1315 375 1374 a
387 1313 473 1391 iure,
494 1321 524 1376 et
543 1312 664 1376 aliunde
678 1313 793 1376 favores
806 1320 877 1376 sunl
889 1315 1053 1395 ampliandi
1071 1335 1078 1375 ε
1101 1313 1164 1380 boc

187 1405 288 1462 tamen
302 1403 549 1480 controvertitur,
565 1402 618 1465 sed
636 1405 669 1466 ul
688 1401 872 1484 probabilius
890 1403 1016 1466 babetur
1029 1406 1045 1466 ir
1060 1405 1092 1467 S.
1110 1405 1163 1466 Li-

188 1505 289 1570 gnea,
303 1490 355 1553 lib.
372 1497 390 1553 '1
404 1539 412 1569 ,
428 1503 461 1553 ιιο
475 1495 525 1554 43.

227 1581 259 1640 3⁰
280 1580 406 1651 Quando
426 1599 562 1645 censuras
575 1581 641 1647 latae
656 1585 673 1646 ll
690 1584 759 1664 iure
773 1588 843 1646 sunl
856 1588 1026 1662 reservatae,
1041 1581 1164 1665 regola-

188 1667 260 1730 ritcr
273 1668 384 1732 absolvi
399 1679 554 1754 nequeunt
563 1674 620 1735 nisi
634 1675 652 1736 a
666 1675 698 1738 S.
712 1671 857 1736 Pontifice
867 1677 920 1734 aut
930 1672 995 1752 ejus
1010 1671 1163 1752 delegarim

188 1755 226 1820 de
239 1756 276 1819 ils
295 1756 403 1823 dicitnr
417 1761 449 1822 in
464 1763 554 1826 Gonu.
569 1762 704 1826 Trident.
728 1765 812 1840 (sess.
829 1765 887 1836 44,
901 1780 928 1822 c.
947 1761 974 1840 d)
998 1779 1006 1821 ε
1031 1781 1047 1819 a
1060 1759 1166 1823 Liceat

187 1866 203 1904 n
230 1845 1163 1932 Episcopisinirregularilaiibusomnibusetsuspeosloolbus,

188 1957 204 1995 a
229 1953 265 1998 es
279 1937 387 2000 delicto
396 1941 514 2004 occulto
526 1940 781 2024 provenientibus,
797 1943 921 2020 excepit
934 1943 969 2001 94
982 1957 1053 2022 ,quae
1064 1940 1165 2002 oritur

188 2046 204 2087 a
229 2025 1165 2112 cxhomicidiovoluntario,eterceptisaliisdcductisadforum

188 2137 204 2176 a
228 2117 465 2196 contentiosum,
486 2119 676 2200 dispensare;
692 2123 723 2179 et
740 2119 771 2178 in
786 2117 1028 2198 quibuscumque
1041 2117 1166 2182 casibus

189 2225 204 2262 a
228 2205 460 2280 occultis,etlam
471 2206 902 2288 Sedirlpostolicaereservatis,
912 2205 1163 2286 delinquentes...

190 2312 205 2350 a
229 2291 286 2354 sibi
300 2291 435 2356 subditos
448 2296 480 2356 in
494 2293 615 2357 dioecesi
627 2299 683 2358 sub
692 2313 745 2376 per
756 2295 882 2376 seipsos,
895 2302 947 2357 aut
958 2293 1108 2358 vicarium
1122 2297 1166 2360 ad

190 2400 205 2440 a
230 2379 261 2442 id
275 2381 442 2462 specialiter
451 2383 669 2466 deputandum,
683 2385 715 2446 ln
729 2383 794 2446 loro
804 2383 996 2447 conscientie
1008 2384 1099 2464 gratis
1112 2385 1167 2446 ab·

191 2492 206 2530 o
231 2470 362 2550 solvere,
378 2472 517 2556 imposita
531 2475 706 2556 paenitentia
720 2473 853 2537 salutari.
869 2472 952 2536 ldcm
962 2477 992 2535 et
1002 2471 1165 2538 inhaeresis

192 2579 206 2618 a
231 2561 377 2634 crimine,
393 2561 425 2623 in
443 2561 550 2626 eodem
571 2563 636 2627 loro
662 2563 853 2628 conscientiae
875 2562 920 2626 eis
941 2563 1076 2633 fantiam,
1099 2581 1164 2628 non

192 2668 207 2705 a
232 2666 338 2710 eorum
353 2649 496 2721 vicariis.
512 2653 549 2714 sit
563 2654 755 2716 permissum.
770 2670 785 2708 a

233 2733 323 2792 6444.
345 2729 514 2795 bisantem
538 2730 593 2792 fnit
615 2749 653 2792 an
677 2729 819 2811 praedicta
839 2732 966 2794 facultas
992 2737 1010 2793 4
1030 2728 1166 2794 radent.
1250 2767 1251 2784 .

194 2835 348 2894 concessa,
369 2819 457 2883 fuerit
477 2823 613 2880 revocata
626 2837 679 2900 per
703 2819 820 2881 Bullam
844 2818 939 2882 Caenos
962 2817 1063 2899 quoad
1079 2837 1169 2883 casus
1250 2877 1251 2888 ,

193 2907 225 2970 in
239 2907 274 2970 94
289 2914 463 2984 reservatos,
480 2907 557 2972 inter
578 2926 655 2990 quos
670 2907 801 2970 maximo
815 2913 860 2970 est
884 2907 1008 2971 baeresis
1030 2907 1081 2990 (de
1104 2911 1168 2992 qud
1250 2905 1251 2924 ¹

192 3015 221 3061 v.
236 2993 326 3080 1635)
339 3017 348 3073 ;
365 2995 675 3060 sententiaaffirmans
693 2997 830 3059 habenda
843 3003 907 3060 erat
921 3005 954 3060 ut
964 2998 1062 3062 verior
1080 3005 1110 3061 94
1132 3007 1167 3064 ut
1250 3049 1251 3052 η

192 3084 336 3162 tenenda,
347 3085 432 3164 juxta
455 3085 567 3150 Bened.
584 3085 649 3152 xiv
664 3085 720 3172 (De
733 3087 825 3171 Sym,
840 3086 893 3150 llb.
909 3091 940 3163 9,
957 3105 1023 3169 rap.
1040 3093 1059 3151 4
1074 3093 1103 3153 94
1118 3088 1163 3174 5).
1250 3129 1251 3144 .

193 3177 316 3242 Constat
334 3195 371 3241 cx
388 3175 486 3241 verbis
504 3177 602 3242 Bullae
619 3175 943 3255 cerauniorum:
961 3177 1100 3242 «Nullos
1113 3199 1167 3261 per

192 3291 208 3333 a
231 3269 327 3334 alium
341 3269 433 3350 quim
446 3287 501 3352 per
524 3267 695 3330 Romanum
721 3263 911 3338 Pontificem,
930 3265 989 3330 nisi
1004 3269 1037 3330 in
1059 3270 1166 3332 mortis
1250 3281 1251 3342 ς

191 3377 208 3420 ι
230 3357 356 3422 articulo
378 3357 490 3421 absolvi
504 3358 613 3440 possit,
629 3361 774 3439 praetextu
794 3357 970 3438 quorumvis
989 3355 1164 3424 facultatum
1250 3361 1251 3430 Ῐ

82 3491 86 3495 1
190 3454 261 3509 »et
279 3447 477 3526 indultorum,
493 3447 737 3530 quibuscumque
757 3447 904 3529 personis,
925 3447 1016 3511 etiam
1037 3448 1163 3530 lupiaco.

198 3553 210 3584 c
234 3537 293 3616 pali
307 3535 354 3600 vcl
374 3538 479 3616 majori
494 3537 645 3618 Dignitate
662 3536 832 3617 preditis...
857 3539 985 3618 peritos
1002 3543 1032 3599 01
1051 3538 1163 3602 dicaam
1250 3525 1251 3578 i

236 3623 357 3687 Sedem.
368 3640 405 3686 ac
413 3623 544 3693 cuiusvis
554 3623 686 3688 Concita·
700 3623 794 3701 (quod
806 3627 890 3701 nota)
903 3625 1024 3690 decreta
1034 3643 1160 3692 conces·
