<?xml version="1.0" encoding="UTF-8"?>
<!DOCTYPE html PUBLIC "-//W3C//DTD XHTML 1.0 Transitional//EN"
    "http://www.w3.org/TR/xhtml1/DTD/xhtml1-transitional.dtd">
<html xmlns="http://www.w3.org/1999/xhtml" xml:lang="en" lang="en">
 <head>
  <title>
</title>
<meta http-equiv="Content-Type" content="text/html;charset=utf-8" />
  <meta name='ocr-system' content='tesseract 3.04.00' />
  <meta name='ocr-capabilities' content='ocr_page ocr_carea ocr_par ocr_line ocrx_word'/>
</head>
<body>
  <div class='ocr_page' id='page_1' title='image "./manualetotiusju02craigoog/manualetotiusju02craigoog_0372.png"; bbox 0 0 2548 3988; ppageno 0'>
   <div class='ocr_carea' id='block_1_1' title="bbox 470 167 1125 234">
    <p class='ocr_par' dir='ltr' id='par_1_1' title="bbox 470 167 1125 234">
     <span class='ocr_line' id='line_1_1' title="bbox 470 167 1125 234; baseline 0.005 -10"><span class='ocrx_word' id='word_1_1' title='bbox 470 177 557 226; x_wconf 78' lang='lat' dir='ltr'><strong>traua</strong></span> <span class='ocrx_word' id='word_1_2' title='bbox 576 179 707 231; x_wconf 75' lang='lat' dir='ltr'><strong>suerrus.</strong></span> <span class='ocrx_word' id='word_1_3' title='bbox 1011 167 1071 234; x_wconf 78' lang='grc'><strong>363</strong></span> <span class='ocrx_word' id='word_1_4' title='bbox 1122 205 1125 212; x_wconf 87' lang='lat'>·</span> 
     </span>
    </p>
   </div>
   <div class='ocr_carea' id='block_1_2' title="bbox 21 269 1073 3652">
    <p class='ocr_par' dir='ltr' id='par_1_2' title="bbox 98 269 1073 705">
     <span class='ocr_line' id='line_1_2' title="bbox 101 269 1071 364; baseline 0.013 -33"><span class='ocrx_word' id='word_1_5' title='bbox 101 271 206 332; x_wconf 88' lang='lat' dir='ltr'><strong>tamen</strong></span> <span class='ocrx_word' id='word_1_6' title='bbox 216 269 466 354; x_wconf 66' lang='lat' dir='ltr'><strong>apudstiguor.</strong></span> <span class='ocrx_word' id='word_1_7' title='bbox 475 274 1004 364; x_wconf 73' lang='lat' dir='ltr'><strong>(it,n⁰t82)dicuntquodcasuquo</strong></span> <span class='ocrx_word' id='word_1_8' title='bbox 1013 283 1071 346; x_wconf 88' lang='lat' dir='ltr'><strong>cot-</strong></span> 
     </span>
     <span class='ocr_line' id='line_1_3' title="bbox 100 355 1073 446; baseline 0.02 -29"><span class='ocrx_word' id='word_1_9' title='bbox 100 355 174 418; x_wconf 89' lang='lat' dir='ltr'><strong>tatio</strong></span> <span class='ocrx_word' id='word_1_10' title='bbox 187 359 222 420; x_wconf 86' lang='lat' dir='ltr'><strong>frt</strong></span> <span class='ocrx_word' id='word_1_11' title='bbox 240 359 391 439; x_wconf 73' lang='lat' dir='ltr'><strong>ignoranti</strong></span> <span class='ocrx_word' id='word_1_12' title='bbox 406 380 437 424; x_wconf 90' lang='lat' dir='ltr'><strong>se</strong></span> <span class='ocrx_word' id='word_1_13' title='bbox 451 381 518 427; x_wconf 88' lang='lat' dir='ltr'><strong>esse</strong></span> <span class='ocrx_word' id='word_1_14' title='bbox 540 365 854 446; x_wconf 84' lang='lat' dir='ltr'><strong>excommunicatum,</strong></span> <span class='ocrx_word' id='word_1_15' title='bbox 877 368 927 432; x_wconf 88' lang='lat' dir='ltr'><strong>ilia</strong></span> <span class='ocrx_word' id='word_1_16' title='bbox 941 371 980 434; x_wconf 91' lang='lat' dir='ltr'><strong>sit</strong></span> <span class='ocrx_word' id='word_1_17' title='bbox 999 377 1073 438; x_wconf 85' lang='lat' dir='ltr'><strong>tuno</strong></span> 
     </span>
     <span class='ocr_line' id='line_1_4' title="bbox 99 445 1073 530; baseline 0.021 -25"><span class='ocrx_word' id='word_1_18' title='bbox 99 445 215 526; x_wconf 88' lang='lat' dir='ltr'><strong>valida,</strong></span> <span class='ocrx_word' id='word_1_19' title='bbox 231 449 268 510; x_wconf 86' lang='lat' dir='ltr'><strong>ed</strong></span> <span class='ocrx_word' id='word_1_20' title='bbox 282 449 364 530; x_wconf 87' lang='lat' dir='ltr'><strong>qudd</strong></span> <span class='ocrx_word' id='word_1_21' title='bbox 378 450 503 514; x_wconf 85' lang='lat' dir='ltr'><strong>collator</strong></span> <span class='ocrx_word' id='word_1_22' title='bbox 525 454 619 516; x_wconf 80' lang='lat' dir='ltr'><strong>soleat</strong></span> <span class='ocrx_word' id='word_1_23' title='bbox 636 453 791 518; x_wconf 83' lang='lat' dir='ltr'><strong>absolvere</strong></span> <span class='ocrx_word' id='word_1_24' title='bbox 810 457 828 518; x_wconf 78' lang='lat' dir='ltr'><strong>t</strong></span> <span class='ocrx_word' id='word_1_25' title='bbox 842 461 978 523; x_wconf 91' lang='lat' dir='ltr'><strong>censuris</strong></span> <span class='ocrx_word' id='word_1_26' title='bbox 1001 479 1073 525; x_wconf 89' lang='lat' dir='ltr'><strong>eum</strong></span> 
     </span>
     <span class='ocr_line' id='line_1_5' title="bbox 98 533 1073 687; baseline 0.005 -91"><span class='ocrx_word' id='word_1_27' title='bbox 98 533 151 596; x_wconf 90' lang='lat' dir='ltr'><strong>cui</strong></span> <span class='ocrx_word' id='word_1_28' title='bbox 162 534 345 687; x_wconf 53' lang='lat' dir='ltr'><strong>benebtipiium</strong></span> <span class='ocrx_word' id='word_1_29' title='bbox 359 541 476 603; x_wconf 79' lang='lat' dir='ltr'><strong>confert</strong></span> <span class='ocrx_word' id='word_1_30' title='bbox 491 560 499 604; x_wconf 77' lang='grc' dir='ltr'>ι</span> <span class='ocrx_word' id='word_1_31' title='bbox 514 541 573 604; x_wconf 88' lang='lat' dir='ltr'><strong>hoc</strong></span> <span class='ocrx_word' id='word_1_32' title='bbox 586 542 656 604; x_wconf 83' lang='lat' dir='ltr'><strong>satis</strong></span> <span class='ocrx_word' id='word_1_33' title='bbox 673 543 828 626; x_wconf 75' lang='lat' dir='ltr'>probabile</span> <span class='ocrx_word' id='word_1_34' title='bbox 840 553 960 630; x_wconf 78' lang='lat' dir='ltr'><strong>reputat</strong></span> <span class='ocrx_word' id='word_1_35' title='bbox 975 551 1008 614; x_wconf 82' lang='lat' dir='ltr'><strong>S.</strong></span> <span class='ocrx_word' id='word_1_36' title='bbox 1028 551 1073 616; x_wconf 91' lang='lat' dir='ltr'><strong>Li.</strong></span> 
     </span>
     <span class='ocr_line' id='line_1_6' title="bbox 98 625 320 705; baseline 0.018 -21"><span class='ocrx_word' id='word_1_37' title='bbox 98 639 189 702; x_wconf 82' lang='lat' dir='ltr'><strong>guor.</strong></span> <span class='ocrx_word' id='word_1_38' title='bbox 207 625 233 705; x_wconf 77' lang='grc' dir='ltr'><strong>(ι’</strong></span> <span class='ocrx_word' id='word_1_39' title='bbox 254 625 266 686; x_wconf 82' lang='lat' dir='ltr'><strong>i</strong></span> <span class='ocrx_word' id='word_1_40' title='bbox 289 629 320 704; x_wconf 87' lang='lat'><strong>.).</strong></span> 
     </span>
    </p>

    <p class='ocr_par' dir='ltr' id='par_1_3' title="bbox 96 714 1069 1601">
     <span class='ocr_line' id='line_1_7' title="bbox 139 714 1068 796; baseline 0.003 -18"><span class='ocrx_word' id='word_1_41' title='bbox 139 719 227 778; x_wconf 78' lang='lat'><strong>6532.</strong></span> <span class='ocrx_word' id='word_1_42' title='bbox 240 717 308 780; x_wconf 84' lang='lat' dir='ltr'><strong>Non</strong></span> <span class='ocrx_word' id='word_1_43' title='bbox 319 715 421 780; x_wconf 75' lang='lat' dir='ltr'><strong>solum</strong></span> <span class='ocrx_word' id='word_1_44' title='bbox 435 714 687 780; x_wconf 77' lang='lat' dir='ltr'><strong>excommunicati</strong></span> <span class='ocrx_word' id='word_1_45' title='bbox 705 714 896 796; x_wconf 76' lang='lat' dir='ltr'><strong>recipientes,</strong></span> <span class='ocrx_word' id='word_1_46' title='bbox 911 714 963 777; x_wconf 87' lang='lat' dir='ltr'><strong>sed</strong></span> <span class='ocrx_word' id='word_1_47' title='bbox 978 717 1068 782; x_wconf 90' lang='lat' dir='ltr'><strong>etiam</strong></span> 
     </span>
     <span class='ocr_line' id='line_1_8' title="bbox 96 803 1069 886; baseline 0.002 -18"><span class='ocrx_word' id='word_1_48' title='bbox 96 804 289 869; x_wconf 85' lang='lat' dir='ltr'><strong>conterentes</strong></span> <span class='ocrx_word' id='word_1_49' title='bbox 301 805 573 869; x_wconf 83' lang='lat' dir='ltr'><strong>excommunicatis</strong></span> <span class='ocrx_word' id='word_1_50' title='bbox 587 803 783 880; x_wconf 82' lang='lat' dir='ltr'><strong>beneficium,</strong></span> <span class='ocrx_word' id='word_1_51' title='bbox 800 811 927 885; x_wconf 90' lang='lat' dir='ltr'><strong>peccant</strong></span> <span class='ocrx_word' id='word_1_52' title='bbox 940 805 1069 886; x_wconf 78' lang='lat' dir='ltr'><strong>graviter</strong></span> 
     </span>
     <span class='ocr_line' id='line_1_9' title="bbox 96 893 1067 976; baseline 0 -18"><span class='ocrx_word' id='word_1_53' title='bbox 96 902 128 958; x_wconf 89' lang='lat' dir='ltr'><strong>ct</strong></span> <span class='ocrx_word' id='word_1_54' title='bbox 137 896 306 972; x_wconf 88' lang='lat' dir='ltr'><strong>incurrunt,</strong></span> <span class='ocrx_word' id='word_1_55' title='bbox 316 901 426 976; x_wconf 78' lang='lat' dir='ltr'><strong>praeter</strong></span> <span class='ocrx_word' id='word_1_56' title='bbox 438 893 784 957; x_wconf 75' lang='lat' dir='ltr'><strong>excommunicationem</strong></span> <span class='ocrx_word' id='word_1_57' title='bbox 796 894 960 972; x_wconf 90' lang='lat' dir='ltr'><strong>minorem,</strong></span> <span class='ocrx_word' id='word_1_58' title='bbox 975 897 1067 958; x_wconf 91' lang='lat' dir='ltr'><strong>etiam</strong></span> 
     </span>
     <span class='ocr_line' id='line_1_10' title="bbox 96 981 1066 1066; baseline -0.004 -18"><span class='ocrx_word' id='word_1_59' title='bbox 96 985 330 1066; x_wconf 82' lang='lat' dir='ltr'><strong>suspensionem</strong></span> <span class='ocrx_word' id='word_1_60' title='bbox 351 981 371 1046; x_wconf 77' lang='lat' dir='ltr'><strong>d</strong></span> <span class='ocrx_word' id='word_1_61' title='bbox 390 981 550 1046; x_wconf 88' lang='lat' dir='ltr'><strong>cotiatione</strong></span> <span class='ocrx_word' id='word_1_62' title='bbox 570 981 800 1054; x_wconf 78' lang='lat' dir='ltr'><strong>beneficiorum,</strong></span> <span class='ocrx_word' id='word_1_63' title='bbox 825 999 862 1044; x_wconf 79' lang='lat' dir='ltr'><strong>en</strong></span> <span class='ocrx_word' id='word_1_64' title='bbox 888 982 979 1046; x_wconf 84' lang='lat' dir='ltr'><strong>citato</strong></span> <span class='ocrx_word' id='word_1_65' title='bbox 999 1001 1066 1066; x_wconf 86' lang='lat' dir='ltr'><strong>cap.</strong></span> 
     </span>
     <span class='ocr_line' id='line_1_11' title="bbox 97 1069 1065 1152; baseline -0.004 -14"><span class='ocrx_word' id='word_1_66' title='bbox 97 1073 287 1138; x_wconf 80' lang='lat' dir='ltr'><strong>Postatoatir.</strong></span> <span class='ocrx_word' id='word_1_67' title='bbox 298 1071 404 1135; x_wconf 81' lang='lat' dir='ltr'><strong>Vatida</strong></span> <span class='ocrx_word' id='word_1_68' title='bbox 414 1078 516 1134; x_wconf 88' lang='lat' dir='ltr'><strong>tamen</strong></span> <span class='ocrx_word' id='word_1_69' title='bbox 529 1077 575 1134; x_wconf 89' lang='lat' dir='ltr'><strong>est</strong></span> <span class='ocrx_word' id='word_1_70' title='bbox 586 1069 706 1134; x_wconf 86' lang='lat' dir='ltr'><strong>cottatio</strong></span> <span class='ocrx_word' id='word_1_71' title='bbox 717 1071 741 1132; x_wconf 90' lang='lat' dir='ltr'><strong>si</strong></span> <span class='ocrx_word' id='word_1_72' title='bbox 754 1072 834 1152; x_wconf 87' lang='lat' dir='ltr'><strong>Papa</strong></span> <span class='ocrx_word' id='word_1_73' title='bbox 849 1071 980 1134; x_wconf 78' lang='lat' dir='ltr'><strong>scienter</strong></span> <span class='ocrx_word' id='word_1_74' title='bbox 990 1092 1065 1136; x_wconf 90' lang='lat' dir='ltr'><strong>con·</strong></span> 
     </span>
     <span class='ocr_line' id='line_1_12' title="bbox 96 1159 1066 1238; baseline -0.001 -12"><span class='ocrx_word' id='word_1_75' title='bbox 96 1165 174 1227; x_wconf 85' lang='lat' dir='ltr'><strong>ierat</strong></span> <span class='ocrx_word' id='word_1_76' title='bbox 195 1161 378 1226; x_wconf 79' lang='lat' dir='ltr'><strong>beneficium</strong></span> <span class='ocrx_word' id='word_1_77' title='bbox 401 1161 679 1238; x_wconf 88' lang='lat' dir='ltr'><strong>excommunicato,</strong></span> <span class='ocrx_word' id='word_1_78' title='bbox 701 1159 748 1224; x_wconf 83' lang='lat' dir='ltr'><strong>ret</strong></span> <span class='ocrx_word' id='word_1_79' title='bbox 768 1160 794 1222; x_wconf 91' lang='lat' dir='ltr'><strong>si</strong></span> <span class='ocrx_word' id='word_1_80' title='bbox 815 1161 846 1223; x_wconf 91' lang='lat' dir='ltr'><strong>in</strong></span> <span class='ocrx_word' id='word_1_81' title='bbox 869 1163 1066 1225; x_wconf 84' lang='lat' dir='ltr'><strong>concessione</strong></span> 
     </span>
     <span class='ocr_line' id='line_1_13' title="bbox 97 1249 1066 1333; baseline -0.003 -16"><span class='ocrx_word' id='word_1_82' title='bbox 97 1254 176 1318; x_wconf 88' lang='lat' dir='ltr'><strong>adsit</strong></span> <span class='ocrx_word' id='word_1_83' title='bbox 191 1253 324 1316; x_wconf 85' lang='lat' dir='ltr'><strong>ctausuta</strong></span> <span class='ocrx_word' id='word_1_84' title='bbox 336 1249 544 1328; x_wconf 81' lang='lat' dir='ltr'><strong>absolutionis,</strong></span> <span class='ocrx_word' id='word_1_85' title='bbox 559 1250 597 1312; x_wconf 92' lang='lat' dir='ltr'><strong>ad</strong></span> <span class='ocrx_word' id='word_1_86' title='bbox 611 1249 752 1314; x_wconf 82' lang='lat' dir='ltr'><strong>effectum</strong></span> <span class='ocrx_word' id='word_1_87' title='bbox 765 1249 862 1313; x_wconf 78' lang='lat' dir='ltr'><strong>valide</strong></span> <span class='ocrx_word' id='word_1_88' title='bbox 872 1267 1066 1333; x_wconf 88' lang='lat' dir='ltr'><strong>consequen-</strong></span> 
     </span>
     <span class='ocr_line' id='line_1_14' title="bbox 96 1338 1067 1423; baseline -0.002 -17"><span class='ocrx_word' id='word_1_89' title='bbox 96 1344 187 1423; x_wconf 91' lang='lat' dir='ltr'><strong>dum,</strong></span> <span class='ocrx_word' id='word_1_90' title='bbox 202 1342 260 1405; x_wconf 89' lang='lat' dir='ltr'><strong>nisi</strong></span> <span class='ocrx_word' id='word_1_91' title='bbox 278 1341 346 1423; x_wconf 91' lang='lat' dir='ltr'><strong>quis</strong></span> <span class='ocrx_word' id='word_1_92' title='bbox 359 1339 638 1404; x_wconf 80' lang='lat' dir='ltr'><strong>excommunicatus</strong></span> <span class='ocrx_word' id='word_1_93' title='bbox 652 1341 691 1402; x_wconf 90' lang='lat' dir='ltr'><strong>sit</strong></span> <span class='ocrx_word' id='word_1_94' title='bbox 709 1338 748 1402; x_wconf 92' lang='lat' dir='ltr'><strong>ob</strong></span> <span class='ocrx_word' id='word_1_95' title='bbox 759 1339 909 1417; x_wconf 78' lang='lat' dir='ltr'><strong>heresim,</strong></span> <span class='ocrx_word' id='word_1_96' title='bbox 922 1358 991 1422; x_wconf 82' lang='lat' dir='ltr'><strong>quae</strong></span> <span class='ocrx_word' id='word_1_97' title='bbox 1005 1359 1067 1404; x_wconf 90' lang='lat' dir='ltr'><strong>non</strong></span> 
     </span>
     <span class='ocr_line' id='line_1_15' title="bbox 98 1427 1064 1532; baseline -0.005 -35"><span class='ocrx_word' id='word_1_98' title='bbox 98 1427 918 1532; x_wconf 60' lang='lat' dir='ltr'><strong>censeturcomprehendisubpeneratiabsctutionets.</strong></span> <span class='ocrx_word' id='word_1_99' title='bbox 927 1429 1064 1512; x_wconf 67' lang='lat' dir='ltr'><strong>Lignea,</strong></span> 
     </span>
     <span class='ocr_line' id='line_1_16' title="bbox 97 1518 787 1601; baseline -0.001 -17"><span class='ocrx_word' id='word_1_100' title='bbox 97 1524 153 1588; x_wconf 88' lang='lat' dir='ltr'><strong>tib.</strong></span> <span class='ocrx_word' id='word_1_101' title='bbox 170 1527 201 1594; x_wconf 80' lang='lat'><strong>7,</strong></span> <span class='ocrx_word' id='word_1_102' title='bbox 214 1531 247 1584; x_wconf 92' lang='lat' dir='ltr'><strong>n·</strong></span> <span class='ocrx_word' id='word_1_103' title='bbox 258 1524 340 1594; x_wconf 86' lang='grc'><strong>180.)</strong></span> <span class='ocrx_word' id='word_1_104' title='bbox 360 1551 398 1570; x_wconf 87' lang='lat'><strong>·-</strong></span> <span class='ocrx_word' id='word_1_105' title='bbox 409 1521 453 1583; x_wconf 88' lang='lat' dir='ltr'><strong>De</strong></span> <span class='ocrx_word' id='word_1_106' title='bbox 461 1521 509 1582; x_wconf 89' lang='lat' dir='ltr'><strong>his</strong></span> <span class='ocrx_word' id='word_1_107' title='bbox 517 1521 584 1583; x_wconf 89' lang='lat' dir='ltr'><strong>srtet</strong></span> <span class='ocrx_word' id='word_1_108' title='bbox 594 1521 629 1583; x_wconf 83' lang='lat' dir='ltr'><strong>G.</strong></span> <span class='ocrx_word' id='word_1_109' title='bbox 643 1518 700 1601; x_wconf 80' lang='lat' dir='ltr'><strong>Ap.</strong></span> <span class='ocrx_word' id='word_1_110' title='bbox 716 1518 787 1583; x_wconf 85' lang='lat' dir='ltr'><strong>Sed.</strong></span> 
     </span>
    </p>

    <p class='ocr_par' dir='ltr' id='par_1_4' title="bbox 93 1606 1069 1955">
     <span class='ocr_line' id='line_1_17' title="bbox 135 1606 1069 1684; baseline 0.002 -10"><span class='ocrx_word' id='word_1_111' title='bbox 135 1615 226 1674; x_wconf 89' lang='grc'><strong>6533.</strong></span> <span class='ocrx_word' id='word_1_112' title='bbox 250 1609 336 1684; x_wconf 83' lang='lat' dir='ltr'><strong>Quod</strong></span> <span class='ocrx_word' id='word_1_113' title='bbox 354 1608 469 1673; x_wconf 87' lang='lat' dir='ltr'><strong>dictum</strong></span> <span class='ocrx_word' id='word_1_114' title='bbox 486 1613 533 1672; x_wconf 88' lang='lat' dir='ltr'><strong>est</strong></span> <span class='ocrx_word' id='word_1_115' title='bbox 544 1607 584 1670; x_wconf 90' lang='lat' dir='ltr'><strong>de</strong></span> <span class='ocrx_word' id='word_1_116' title='bbox 601 1606 774 1680; x_wconf 82' lang='lat' dir='ltr'><strong>beneficiis,</strong></span> <span class='ocrx_word' id='word_1_117' title='bbox 796 1609 961 1675; x_wconf 89' lang='lat' dir='ltr'><strong>dicendum</strong></span> <span class='ocrx_word' id='word_1_118' title='bbox 979 1612 1069 1676; x_wconf 89' lang='lat' dir='ltr'><strong>etiam</strong></span> 
     </span>
     <span class='ocr_line' id='line_1_18' title="bbox 93 1696 1067 1780; baseline -0.001 -17"><span class='ocrx_word' id='word_1_119' title='bbox 93 1699 309 1763; x_wconf 82' lang='lat' dir='ltr'><strong>decollatione</strong></span> <span class='ocrx_word' id='word_1_120' title='bbox 331 1704 361 1762; x_wconf 87' lang='lat' dir='ltr'><strong>et</strong></span> <span class='ocrx_word' id='word_1_121' title='bbox 379 1697 553 1780; x_wconf 87' lang='lat' dir='ltr'><strong>receptione</strong></span> <span class='ocrx_word' id='word_1_122' title='bbox 573 1696 760 1778; x_wconf 75' lang='lat' dir='ltr'><strong>Dignitatem</strong></span> <span class='ocrx_word' id='word_1_123' title='bbox 779 1699 1067 1777; x_wconf 86' lang='lat' dir='ltr'><strong>ecclesiasticarum,</strong></span> 
     </span>
     <span class='ocr_line' id='line_1_19' title="bbox 93 1787 1069 1872; baseline 0.002 -22"><span class='ocrx_word' id='word_1_124' title='bbox 93 1796 187 1872; x_wconf 90' lang='lat' dir='ltr'><strong>prout</strong></span> <span class='ocrx_word' id='word_1_125' title='bbox 200 1789 408 1872; x_wconf 80' lang='lat' dir='ltr'><strong>Episcopatus,</strong></span> <span class='ocrx_word' id='word_1_126' title='bbox 424 1787 575 1848; x_wconf 85' lang='lat' dir='ltr'><strong>Prioratus</strong></span> <span class='ocrx_word' id='word_1_127' title='bbox 585 1832 593 1862; x_wconf 95' lang='lat'><strong>,</strong></span> <span class='ocrx_word' id='word_1_128' title='bbox 603 1791 661 1847; x_wconf 90' lang='lat' dir='ltr'><strong>etc.</strong></span> <span class='ocrx_word' id='word_1_129' title='bbox 677 1787 781 1858; x_wconf 82' lang='lat' dir='ltr'><strong>Quoad</strong></span> <span class='ocrx_word' id='word_1_130' title='bbox 795 1794 897 1852; x_wconf 89' lang='lat' dir='ltr'><strong>autem</strong></span> <span class='ocrx_word' id='word_1_131' title='bbox 909 1789 1069 1872; x_wconf 80' lang='lat' dir='ltr'><strong>dignitates</strong></span> 
     </span>
     <span class='ocr_line' id='line_1_20' title="bbox 94 1874 793 1955; baseline -0.01 -14"><span class='ocrx_word' id='word_1_132' title='bbox 94 1877 258 1941; x_wconf 81' lang='lat' dir='ltr'><strong>saecutares</strong></span> <span class='ocrx_word' id='word_1_133' title='bbox 272 1876 513 1940; x_wconf 85' lang='lat' dir='ltr'><strong>controvertitur.</strong></span> <span class='ocrx_word' id='word_1_134' title='bbox 529 1874 572 1950; x_wconf 86' lang='lat' dir='ltr'><strong>(S.</strong></span> <span class='ocrx_word' id='word_1_135' title='bbox 588 1874 724 1955; x_wconf 66' lang='lat' dir='ltr'><strong>Lignor„</strong></span> <span class='ocrx_word' id='word_1_136' title='bbox 738 1874 793 1950; x_wconf 84' lang='lat' dir='ltr'><strong>ib.)</strong></span> 
     </span>
    </p>

    <p class='ocr_par' dir='ltr' id='par_1_5' title="bbox 94 1960 1070 2667">
     <span class='ocr_line' id='line_1_21' title="bbox 136 1960 1070 2049; baseline 0.002 -21"><span class='ocrx_word' id='word_1_137' title='bbox 136 1968 223 2044; x_wconf 87' lang='lat' dir='ltr'><strong>Item,</strong></span> <span class='ocrx_word' id='word_1_138' title='bbox 238 1964 321 2049; x_wconf 89' lang='lat' dir='ltr'><strong>quod</strong></span> <span class='ocrx_word' id='word_1_139' title='bbox 333 1964 442 2027; x_wconf 90' lang='lat' dir='ltr'><strong>dicitur</strong></span> <span class='ocrx_word' id='word_1_140' title='bbox 455 1962 494 2026; x_wconf 87' lang='lat' dir='ltr'><strong>de</strong></span> <span class='ocrx_word' id='word_1_141' title='bbox 516 1961 666 2025; x_wconf 86' lang='lat' dir='ltr'><strong>beneficio</strong></span> <span class='ocrx_word' id='word_1_142' title='bbox 683 1960 847 2025; x_wconf 92' lang='lat' dir='ltr'><strong>dicendum</strong></span> <span class='ocrx_word' id='word_1_143' title='bbox 860 1969 906 2026; x_wconf 87' lang='lat' dir='ltr'><strong>est</strong></span> <span class='ocrx_word' id='word_1_144' title='bbox 924 1967 1014 2027; x_wconf 86' lang='lat' dir='ltr'><strong>etiam</strong></span> <span class='ocrx_word' id='word_1_145' title='bbox 1032 1965 1070 2030; x_wconf 87' lang='lat' dir='ltr'><strong>de</strong></span> 
     </span>
     <span class='ocr_line' id='line_1_22' title="bbox 94 2049 1069 2138; baseline 0 -22"><span class='ocrx_word' id='word_1_146' title='bbox 94 2056 244 2138; x_wconf 90' lang='lat' dir='ltr'><strong>pensione</strong></span> <span class='ocrx_word' id='word_1_147' title='bbox 258 2053 366 2118; x_wconf 88' lang='lat' dir='ltr'><strong>elerico</strong></span> <span class='ocrx_word' id='word_1_148' title='bbox 380 2053 413 2114; x_wconf 91' lang='lat' dir='ltr'><strong>in</strong></span> <span class='ocrx_word' id='word_1_149' title='bbox 427 2052 547 2116; x_wconf 84' lang='lat' dir='ltr'><strong>titutum</strong></span> <span class='ocrx_word' id='word_1_150' title='bbox 561 2049 632 2112; x_wconf 80' lang='lat' dir='ltr'><strong>data</strong></span> <span class='ocrx_word' id='word_1_151' title='bbox 644 2051 685 2113; x_wconf 86' lang='lat' dir='ltr'><strong>ob</strong></span> <span class='ocrx_word' id='word_1_152' title='bbox 698 2051 899 2115; x_wconf 85' lang='lat' dir='ltr'><strong>ministerium</strong></span> <span class='ocrx_word' id='word_1_153' title='bbox 913 2053 1069 2116; x_wconf 88' lang='lat' dir='ltr'><strong>ecclesias-</strong></span> 
     </span>
     <span class='ocr_line' id='line_1_23' title="bbox 94 2139 1069 2225; baseline -0.002 -17"><span class='ocrx_word' id='word_1_154' title='bbox 94 2146 212 2222; x_wconf 91' lang='lat' dir='ltr'><strong>ticum,</strong></span> <span class='ocrx_word' id='word_1_155' title='bbox 239 2143 331 2208; x_wconf 88' lang='lat' dir='ltr'><strong>etde</strong></span> <span class='ocrx_word' id='word_1_156' title='bbox 355 2141 500 2225; x_wconf 87' lang='lat' dir='ltr'><strong>pensione</strong></span> <span class='ocrx_word' id='word_1_157' title='bbox 527 2139 729 2203; x_wconf 77' lang='lat' dir='ltr'><strong>ecclesiastica</strong></span> <span class='ocrx_word' id='word_1_158' title='bbox 749 2141 907 2222; x_wconf 86' lang='lat' dir='ltr'><strong>temporali</strong></span> <span class='ocrx_word' id='word_1_159' title='bbox 934 2143 1004 2204; x_wconf 76' lang='lat' dir='ltr'><strong>data</strong></span> <span class='ocrx_word' id='word_1_160' title='bbox 1029 2143 1069 2206; x_wconf 91' lang='lat' dir='ltr'><strong>ob</strong></span> 
     </span>
     <span class='ocr_line' id='line_1_24' title="bbox 94 2229 1069 2312; baseline -0.001 -14"><span class='ocrx_word' id='word_1_161' title='bbox 94 2233 231 2298; x_wconf 89' lang='lat' dir='ltr'><strong>officium</strong></span> <span class='ocrx_word' id='word_1_162' title='bbox 249 2232 372 2309; x_wconf 82' lang='lat' dir='ltr'><strong>vicarii,</strong></span> <span class='ocrx_word' id='word_1_163' title='bbox 388 2229 580 2310; x_wconf 80' lang='lat' dir='ltr'><strong>coadjutoris.</strong></span> <span class='ocrx_word' id='word_1_164' title='bbox 605 2230 699 2294; x_wconf 87' lang='lat' dir='ltr'><strong>Seeus</strong></span> <span class='ocrx_word' id='word_1_165' title='bbox 720 2229 745 2293; x_wconf 90' lang='lat' dir='ltr'><strong>si</strong></span> <span class='ocrx_word' id='word_1_166' title='bbox 769 2230 875 2312; x_wconf 90' lang='lat' dir='ltr'><strong>pensio</strong></span> <span class='ocrx_word' id='word_1_167' title='bbox 894 2237 973 2294; x_wconf 89' lang='lat' dir='ltr'><strong>esset</strong></span> <span class='ocrx_word' id='word_1_168' title='bbox 986 2233 1069 2298; x_wconf 80' lang='lat' dir='ltr'><strong>mort</strong></span> 
     </span>
     <span class='ocr_line' id='line_1_25' title="bbox 94 2317 1070 2402; baseline -0.002 -16"><span class='ocrx_word' id='word_1_169' title='bbox 94 2323 224 2402; x_wconf 79' lang='lat' dir='ltr'><strong>lateatis,</strong></span> <span class='ocrx_word' id='word_1_170' title='bbox 238 2321 393 2385; x_wconf 88' lang='lat' dir='ltr'><strong>autetiam</strong></span> <span class='ocrx_word' id='word_1_171' title='bbox 407 2321 519 2397; x_wconf 87' lang='lat' dir='ltr'><strong>mixta,</strong></span> <span class='ocrx_word' id='word_1_172' title='bbox 534 2337 603 2402; x_wconf 84' lang='lat' dir='ltr'><strong>quae</strong></span> <span class='ocrx_word' id='word_1_173' title='bbox 620 2317 709 2382; x_wconf 90' lang='lat' dir='ltr'><strong>datur</strong></span> <span class='ocrx_word' id='word_1_174' title='bbox 722 2318 848 2399; x_wconf 89' lang='lat' dir='ltr'><strong>clerico,</strong></span> <span class='ocrx_word' id='word_1_175' title='bbox 864 2339 925 2384; x_wconf 90' lang='lat' dir='ltr'><strong>non</strong></span> <span class='ocrx_word' id='word_1_176' title='bbox 943 2321 983 2384; x_wconf 89' lang='lat' dir='ltr'><strong>ob</strong></span> <span class='ocrx_word' id='word_1_177' title='bbox 1001 2321 1070 2385; x_wconf 85' lang='lat' dir='ltr'><strong>orn-</strong></span> 
     </span>
     <span class='ocr_line' id='line_1_26' title="bbox 94 2407 1069 2492; baseline -0.003 -16"><span class='ocrx_word' id='word_1_178' title='bbox 94 2413 198 2491; x_wconf 87' lang='lat' dir='ltr'><strong>eium,</strong></span> <span class='ocrx_word' id='word_1_179' title='bbox 214 2410 267 2474; x_wconf 84' lang='lat' dir='ltr'><strong>sed</strong></span> <span class='ocrx_word' id='word_1_180' title='bbox 289 2411 361 2492; x_wconf 88' lang='lat' dir='ltr'><strong>quia</strong></span> <span class='ocrx_word' id='word_1_181' title='bbox 383 2415 429 2473; x_wconf 89' lang='lat' dir='ltr'><strong>est</strong></span> <span class='ocrx_word' id='word_1_182' title='bbox 442 2426 556 2491; x_wconf 88' lang='lat' dir='ltr'><strong>pauper</strong></span> <span class='ocrx_word' id='word_1_183' title='bbox 576 2407 614 2470; x_wconf 86' lang='lat' dir='ltr'><strong>ad</strong></span> <span class='ocrx_word' id='word_1_184' title='bbox 634 2409 897 2483; x_wconf 89' lang='lat' dir='ltr'><strong>sustentationem,</strong></span> <span class='ocrx_word' id='word_1_185' title='bbox 913 2415 965 2473; x_wconf 90' lang='lat' dir='ltr'><strong>aut</strong></span> <span class='ocrx_word' id='word_1_186' title='bbox 978 2413 1069 2474; x_wconf 75' lang='lat' dir='ltr'><strong>causa</strong></span> 
     </span>
     <span class='ocr_line' id='line_1_27' title="bbox 96 2495 1069 2582; baseline -0.002 -18"><span class='ocrx_word' id='word_1_187' title='bbox 96 2501 308 2582; x_wconf 80' lang='lat' dir='ltr'><strong>resignationis</strong></span> <span class='ocrx_word' id='word_1_188' title='bbox 317 2505 368 2562; x_wconf 88' lang='lat' dir='ltr'><strong>aut</strong></span> <span class='ocrx_word' id='word_1_189' title='bbox 378 2498 436 2560; x_wconf 89' lang='lat' dir='ltr'><strong>titis</strong></span> <span class='ocrx_word' id='word_1_190' title='bbox 449 2495 680 2580; x_wconf 74' lang='lat' dir='ltr'><strong>componenda,</strong></span> <span class='ocrx_word' id='word_1_191' title='bbox 692 2503 750 2561; x_wconf 88' lang='lat' dir='ltr'><strong>etc.</strong></span> <span class='ocrx_word' id='word_1_192' title='bbox 765 2497 809 2577; x_wconf 81' lang='lat' dir='ltr'><strong>(S.</strong></span> <span class='ocrx_word' id='word_1_193' title='bbox 821 2498 957 2580; x_wconf 69' lang='lat' dir='ltr'><strong>Liguor„</strong></span> <span class='ocrx_word' id='word_1_194' title='bbox 972 2497 1026 2563; x_wconf 90' lang='lat' dir='ltr'><strong>lib.</strong></span> <span class='ocrx_word' id='word_1_195' title='bbox 1036 2503 1069 2580; x_wconf 79' lang='lat' dir='ltr'><strong>t,</strong></span> 
     </span>
     <span class='ocr_line' id='line_1_28' title="bbox 99 2589 529 2667; baseline -0.009 -13"><span class='ocrx_word' id='word_1_196' title='bbox 99 2599 134 2654; x_wconf 83' lang='lat' dir='ltr'><strong>n⁰</strong></span> <span class='ocrx_word' id='word_1_197' title='bbox 149 2593 218 2667; x_wconf 80' lang='lat' dir='ltr'><strong>t3t,</strong></span> <span class='ocrx_word' id='word_1_198' title='bbox 233 2598 261 2652; x_wconf 92' lang='lat' dir='ltr'><strong>et</strong></span> <span class='ocrx_word' id='word_1_199' title='bbox 275 2589 327 2652; x_wconf 88' lang='lat' dir='ltr'><strong>tib.</strong></span> <span class='ocrx_word' id='word_1_200' title='bbox 344 2593 383 2665; x_wconf 79' lang='lat'><strong>7,</strong></span> <span class='ocrx_word' id='word_1_201' title='bbox 398 2597 431 2648; x_wconf 79' lang='lat' dir='ltr'><strong>n·</strong></span> <span class='ocrx_word' id='word_1_202' title='bbox 447 2589 529 2663; x_wconf 81' lang='grc'><strong>180.)</strong></span> 
     </span>
    </p>

    <p class='ocr_par' dir='ltr' id='par_1_6' title="bbox 97 2675 1069 3117">
     <span class='ocr_line' id='line_1_29' title="bbox 137 2675 1069 2752; baseline 0.001 -10"><span class='ocrx_word' id='word_1_203' title='bbox 137 2682 227 2742; x_wconf 81' lang='grc'><strong>6531.</strong></span> <span class='ocrx_word' id='word_1_204' title='bbox 250 2679 307 2752; x_wconf 83' lang='lat' dir='ltr'><strong>Qui</strong></span> <span class='ocrx_word' id='word_1_205' title='bbox 321 2683 399 2741; x_wconf 86' lang='lat' dir='ltr'><strong>essct</strong></span> <span class='ocrx_word' id='word_1_206' title='bbox 412 2675 525 2739; x_wconf 87' lang='lat' dir='ltr'><strong>electus</strong></span> <span class='ocrx_word' id='word_1_207' title='bbox 537 2683 568 2740; x_wconf 88' lang='lat' dir='ltr'><strong>et</strong></span> <span class='ocrx_word' id='word_1_208' title='bbox 579 2676 732 2742; x_wconf 89' lang='lat' dir='ltr'><strong>institutus</strong></span> <span class='ocrx_word' id='word_1_209' title='bbox 744 2681 814 2741; x_wconf 89' lang='lat' dir='ltr'><strong>ante</strong></span> <span class='ocrx_word' id='word_1_210' title='bbox 828 2679 1069 2744; x_wconf 81' lang='lat' dir='ltr'><strong>excommunica·</strong></span> 
     </span>
     <span class='ocr_line' id='line_1_30' title="bbox 97 2765 1068 2850; baseline 0.002 -18"><span class='ocrx_word' id='word_1_211' title='bbox 97 2769 229 2844; x_wconf 89' lang='lat' dir='ltr'><strong>tionem,</strong></span> <span class='ocrx_word' id='word_1_212' title='bbox 245 2765 341 2831; x_wconf 79' lang='lat' dir='ltr'><strong>valide</strong></span> <span class='ocrx_word' id='word_1_213' title='bbox 355 2765 537 2828; x_wconf 81' lang='lat' dir='ltr'><strong>beneficium</strong></span> <span class='ocrx_word' id='word_1_214' title='bbox 551 2773 709 2848; x_wconf 89' lang='lat' dir='ltr'><strong>acceptare</strong></span> <span class='ocrx_word' id='word_1_215' title='bbox 729 2773 845 2850; x_wconf 87' lang='lat' dir='ltr'><strong>posset,</strong></span> <span class='ocrx_word' id='word_1_216' title='bbox 861 2767 930 2831; x_wconf 89' lang='lat' dir='ltr'><strong>ticet</strong></span> <span class='ocrx_word' id='word_1_217' title='bbox 947 2789 1068 2834; x_wconf 83' lang='lat' dir='ltr'><strong>excom-</strong></span> 
     </span>
     <span class='ocr_line' id='line_1_31' title="bbox 98 2855 1068 2938; baseline 0.004 -18"><span class='ocrx_word' id='word_1_218' title='bbox 98 2859 269 2921; x_wconf 86' lang='lat' dir='ltr'><strong>municatus</strong></span> <span class='ocrx_word' id='word_1_219' title='bbox 282 2861 362 2920; x_wconf 86' lang='lat' dir='ltr'><strong>esset</strong></span> <span class='ocrx_word' id='word_1_220' title='bbox 374 2863 510 2938; x_wconf 90' lang='lat' dir='ltr'><strong>tempore</strong></span> <span class='ocrx_word' id='word_1_221' title='bbox 524 2855 753 2938; x_wconf 88' lang='lat' dir='ltr'><strong>acceptationis;</strong></span> <span class='ocrx_word' id='word_1_222' title='bbox 769 2875 856 2922; x_wconf 85' lang='lat' dir='ltr'><strong>secus</strong></span> <span class='ocrx_word' id='word_1_223' title='bbox 865 2858 891 2920; x_wconf 91' lang='lat' dir='ltr'><strong>si</strong></span> <span class='ocrx_word' id='word_1_224' title='bbox 904 2855 1068 2924; x_wconf 83' lang='lat' dir='ltr'><strong>tuissetex·</strong></span> 
     </span>
     <span class='ocr_line' id='line_1_32' title="bbox 98 2943 1069 3026; baseline 0.004 -18"><span class='ocrx_word' id='word_1_225' title='bbox 98 2946 338 3009; x_wconf 89' lang='lat' dir='ltr'><strong>communicatus</strong></span> <span class='ocrx_word' id='word_1_226' title='bbox 347 2943 667 3026; x_wconf 81' lang='lat' dir='ltr'><strong>collationistempore,</strong></span> <span class='ocrx_word' id='word_1_227' title='bbox 676 2945 792 3009; x_wconf 88' lang='lat' dir='ltr'><strong>etiamsi</strong></span> <span class='ocrx_word' id='word_1_228' title='bbox 803 2945 958 3010; x_wconf 88' lang='lat' dir='ltr'><strong>absolutus</strong></span> <span class='ocrx_word' id='word_1_229' title='bbox 966 2948 1069 3012; x_wconf 79' lang='lat' dir='ltr'><strong>fuisset</strong></span> 
     </span>
     <span class='ocr_line' id='line_1_33' title="bbox 100 3033 749 3117; baseline 0.003 -23"><span class='ocrx_word' id='word_1_230' title='bbox 100 3039 235 3114; x_wconf 85' lang='lat' dir='ltr'><strong>ternpore</strong></span> <span class='ocrx_word' id='word_1_231' title='bbox 248 3033 469 3117; x_wconf 88' lang='lat' dir='ltr'><strong>acceptationis.</strong></span> <span class='ocrx_word' id='word_1_232' title='bbox 486 3035 529 3112; x_wconf 88' lang='lat' dir='ltr'><strong>(S.</strong></span> <span class='ocrx_word' id='word_1_233' title='bbox 546 3033 681 3115; x_wconf 63' lang='lat' dir='ltr'><strong>Lignum,</strong></span> <span class='ocrx_word' id='word_1_234' title='bbox 695 3033 749 3115; x_wconf 81' lang='lat' dir='ltr'><strong>tt.)</strong></span> 
     </span>
    </p>

    <p class='ocr_par' dir='ltr' id='par_1_7' title="bbox 21 3123 1067 3652">
     <span class='ocr_line' id='line_1_34' title="bbox 140 3123 1066 3205; baseline 0.004 -22"><span class='ocrx_word' id='word_1_235' title='bbox 140 3123 231 3184; x_wconf 89' lang='grc'><strong>6535.</strong></span> <span class='ocrx_word' id='word_1_236' title='bbox 253 3123 539 3186; x_wconf 82' lang='lat' dir='ltr'><strong>Exoommunicatus</strong></span> <span class='ocrx_word' id='word_1_237' title='bbox 548 3139 610 3186; x_wconf 88' lang='lat' dir='ltr'><strong>non</strong></span> <span class='ocrx_word' id='word_1_238' title='bbox 624 3123 693 3185; x_wconf 85' lang='lat' dir='ltr'><strong>tacit</strong></span> <span class='ocrx_word' id='word_1_239' title='bbox 706 3141 778 3187; x_wconf 88' lang='lat' dir='ltr'><strong>suos</strong></span> <span class='ocrx_word' id='word_1_240' title='bbox 790 3123 1066 3205; x_wconf 81' lang='lat' dir='ltr'><strong>fructusbeneflcii,</strong></span> 
     </span>
     <span class='ocr_line' id='line_1_35' title="bbox 99 3211 1067 3296; baseline 0.003 -23"><span class='ocrx_word' id='word_1_241' title='bbox 99 3215 236 3292; x_wconf 90' lang='lat' dir='ltr'><strong>ternpore</strong></span> <span class='ocrx_word' id='word_1_242' title='bbox 250 3211 568 3275; x_wconf 81' lang='lat' dir='ltr'><strong>excommunicationis</strong></span> <span class='ocrx_word' id='word_1_243' title='bbox 581 3218 755 3294; x_wconf 87' lang='lat' dir='ltr'><strong>perceptos,</strong></span> <span class='ocrx_word' id='word_1_244' title='bbox 769 3213 888 3276; x_wconf 88' lang='lat' dir='ltr'><strong>etiamsi</strong></span> <span class='ocrx_word' id='word_1_245' title='bbox 901 3220 1004 3296; x_wconf 89' lang='lat' dir='ltr'><strong>postea</strong></span> <span class='ocrx_word' id='word_1_246' title='bbox 1017 3213 1067 3276; x_wconf 87' lang='lat' dir='ltr'><strong>ab·</strong></span> 
     </span>
     <span class='ocr_line' id='line_1_36' title="bbox 97 3298 1065 3380; baseline 0.002 -17"><span class='ocrx_word' id='word_1_247' title='bbox 97 3299 230 3363; x_wconf 83' lang='lat' dir='ltr'><strong>solvatur</strong></span> <span class='ocrx_word' id='word_1_248' title='bbox 237 3319 246 3375; x_wconf 92' lang='lat'>;</span> <span class='ocrx_word' id='word_1_249' title='bbox 262 3298 387 3380; x_wconf 90' lang='lat' dir='ltr'><strong>proinde</strong></span> <span class='ocrx_word' id='word_1_250' title='bbox 398 3305 517 3363; x_wconf 85' lang='lat' dir='ltr'><strong>tenetur</strong></span> <span class='ocrx_word' id='word_1_251' title='bbox 530 3299 598 3364; x_wconf 89' lang='lat' dir='ltr'><strong>illos</strong></span> <span class='ocrx_word' id='word_1_252' title='bbox 608 3301 765 3364; x_wconf 87' lang='lat' dir='ltr'><strong>restituere</strong></span> <span class='ocrx_word' id='word_1_253' title='bbox 778 3307 849 3364; x_wconf 87' lang='lat' dir='ltr'><strong>ante</strong></span> <span class='ocrx_word' id='word_1_254' title='bbox 861 3319 986 3365; x_wconf 91' lang='lat' dir='ltr'><strong>ornnem</strong></span> <span class='ocrx_word' id='word_1_255' title='bbox 995 3320 1065 3365; x_wconf 91' lang='lat' dir='ltr'><strong>scn-</strong></span> 
     </span>
     <span class='ocr_line' id='line_1_37' title="bbox 96 3387 1064 3470; baseline 0.004 -18"><span class='ocrx_word' id='word_1_256' title='bbox 96 3389 223 3454; x_wconf 88' lang='lat' dir='ltr'><strong>tentiam</strong></span> <span class='ocrx_word' id='word_1_257' title='bbox 237 3387 313 3468; x_wconf 83' lang='lat' dir='ltr'><strong>(ride</strong></span> <span class='ocrx_word' id='word_1_258' title='bbox 332 3405 400 3470; x_wconf 89' lang='lat' dir='ltr'><strong>cap.</strong></span> <span class='ocrx_word' id='word_1_259' title='bbox 415 3387 602 3464; x_wconf 70' lang='lat' dir='ltr'><strong>roureto,</strong></span> <span class='ocrx_word' id='word_1_260' title='bbox 617 3389 652 3452; x_wconf 87' lang='lat' dir='ltr'><strong>de</strong></span> <span class='ocrx_word' id='word_1_261' title='bbox 668 3389 775 3454; x_wconf 72' lang='lat' dir='ltr'><strong>clem&#39;ro</strong></span> <span class='ocrx_word' id='word_1_262' title='bbox 787 3391 1017 3470; x_wconf 70' lang='lat' dir='ltr'><strong>excommunic).</strong></span> <span class='ocrx_word' id='word_1_263' title='bbox 1033 3393 1064 3456; x_wconf 88' lang='lat' dir='ltr'><strong>Si</strong></span> 
     </span>
     <span class='ocr_line' id='line_1_38' title="bbox 96 3477 1065 3563; baseline 0.006 -23"><span class='ocrx_word' id='word_1_264' title='bbox 96 3477 198 3540; x_wconf 84' lang='lat' dir='ltr'><strong>tamen</strong></span> <span class='ocrx_word' id='word_1_265' title='bbox 213 3494 267 3559; x_wconf 89' lang='lat' dir='ltr'><strong>per</strong></span> <span class='ocrx_word' id='word_1_266' title='bbox 280 3495 313 3540; x_wconf 90' lang='lat' dir='ltr'><strong>se</strong></span> <span class='ocrx_word' id='word_1_267' title='bbox 332 3477 378 3540; x_wconf 89' lang='lat' dir='ltr'><strong>vet</strong></span> <span class='ocrx_word' id='word_1_268' title='bbox 399 3493 453 3560; x_wconf 90' lang='lat' dir='ltr'><strong>per</strong></span> <span class='ocrx_word' id='word_1_269' title='bbox 465 3477 540 3542; x_wconf 85' lang='lat' dir='ltr'><strong>alios</strong></span> <span class='ocrx_word' id='word_1_270' title='bbox 559 3478 741 3542; x_wconf 77' lang='lat' dir='ltr'><strong>satisfaceret</strong></span> <span class='ocrx_word' id='word_1_271' title='bbox 759 3477 882 3558; x_wconf 80' lang='lat' dir='ltr'><strong>officio,</strong></span> <span class='ocrx_word' id='word_1_272' title='bbox 903 3486 999 3563; x_wconf 88' lang='lat' dir='ltr'><strong>potest</strong></span> <span class='ocrx_word' id='word_1_273' title='bbox 1012 3499 1065 3546; x_wconf 91' lang='lat' dir='ltr'><strong>eos</strong></span> 
     </span>
     <span class='ocr_line' id='line_1_39' title="bbox 21 3565 1061 3652; baseline 0.006 -21"><span class='ocrx_word' id='word_1_274' title='bbox 21 3585 22 3588; x_wconf 68' lang='grc'>’</span> <span class='ocrx_word' id='word_1_275' title='bbox 96 3569 210 3634; x_wconf 87' lang='lat' dir='ltr'><strong>tructus</strong></span> <span class='ocrx_word' id='word_1_276' title='bbox 223 3569 369 3647; x_wconf 89' lang='lat' dir='ltr'><strong>retinere,</strong></span> <span class='ocrx_word' id='word_1_277' title='bbox 389 3565 441 3630; x_wconf 85' lang='lat' dir='ltr'><strong>ubi</strong></span> <span class='ocrx_word' id='word_1_278' title='bbox 455 3568 561 3631; x_wconf 83' lang='lat' dir='ltr'><strong>saltem</strong></span> <span class='ocrx_word' id='word_1_279' title='bbox 575 3573 694 3631; x_wconf 85' lang='lat' dir='ltr'><strong>nonest</strong></span> <span class='ocrx_word' id='word_1_280' title='bbox 708 3586 781 3632; x_wconf 89' lang='lat' dir='ltr'><strong>usus</strong></span> <span class='ocrx_word' id='word_1_281' title='bbox 800 3569 908 3652; x_wconf 79' lang='lat' dir='ltr'><strong>spotii3</strong></span> <span class='ocrx_word' id='word_1_282' title='bbox 923 3569 975 3634; x_wconf 86' lang='lat' dir='ltr'><strong>uhi</strong></span> <span class='ocrx_word' id='word_1_283' title='bbox 991 3573 1061 3637; x_wconf 77' lang='lat' dir='ltr'><strong>vert</strong></span> 
     </span>
    </p>
   </div>
   <div class='ocr_carea' id='block_1_3' title="bbox 0 0 1278 3988">
    <p class='ocr_par' dir='ltr' id='par_1_8' title="bbox 0 0 1278 3988">
     <span class='ocr_line' id='line_1_40' title="bbox 0 0 1278 3988; baseline 0 0"><span class='ocrx_word' id='word_1_284' title='bbox 0 0 1278 3988; x_wconf 95' lang='lat' dir='ltr'><strong> </strong></span> 
     </span>
    </p>
   </div>
  </div>
 </body>
</html>
