2526 3988
196 288 231 348 lp's
416 293 555 339 nabutte
575 291 675 337 reatus
696 290 778 336 tuttts
799 287 946 335 canumet.

197 395 333 454 censetur
345 389 415 453 data
427 387 553 452 facultas
575 389 641 452 sine
664 386 729 450 aliis
745 385 917 466 iudicandi,
933 391 971 448 'ut
990 387 1107 446 constat
1128 399 1163 444 ex

190 499 256 560 cap.
274 479 400 543 Causam
413 481 463 556 16,
474 477 518 539 tit.
533 481 583 554 29,
600 476 650 538 lib.
670 478 680 537 l
697 479 829 553 Decret,
843 473 896 537 ubi
910 474 1038 536 dicitur:
1059 473 1162 534 «Ciam

191 591 205 627 a
231 587 320 631 causa
334 567 453 631 duobus
464 567 677 640 committitur,
693 565 840 628 sententia
854 565 945 628 unius
959 581 1022 625 non
1035 567 1119 624 tenet
1130 582 1162 638 n,

191 657 245 718 etsi
260 657 333 719 alter
342 657 431 720 fuerit
443 657 575 738 legitime
586 655 746 736 impeditus
756 661 807 717 aut
820 661 918 717 morte
932 653 1018 716 luerit
1031 656 1161 733 ereptus.

231 751 319 810 5579.
351 747 474 819 Quaerit.
503 747 534 808 8⁰
563 747 609 806 An
637 743 790 826 delegatus
817 743 911 826 possit
938 739 1101 823 procedere
1126 737 1165 800 ud

191 837 433 916 cognoscendam
453 853 575 898 causam
593 833 729 896 nondum
749 839 871 914 accepto
888 829 1084 912 delegationis
1099 845 1163 892 res·

192 927 306 1006 cripte,
321 933 351 988 et
364 944 403 988 aa
417 923 495 988 ultra
508 929 649 986 contenta
664 923 695 984 in
710 928 780 985 actu
796 919 1017 1003 delegationis?

233 1017 321 1096 besp.
340 1019 371 1077 l⁰
385 1017 452 1078 Non
466 1031 554 1096 posse
567 1012 738 1094 delegatum
753 1010 916 1095 procedere
930 1013 1000 1072 ante
1018 1007 1073 1071 sibi
1087 1025 1166 1091 prae·

193 1096 1167 1184 sentatumdelegationisrescriptum.ltuenimsancivitlllexan-

192 1193 247 1252 der
260 1195 299 1252 lll
315 1193 346 1253 in
368 1210 433 1273 cap.
452 1191 549 1272 Super
566 1209 598 1252 eo
617 1193 671 1266 te,
690 1190 736 1252 tit.
762 1194 817 1269 18,
839 1189 890 1249 lib.
907 1192 926 1249 Ξ
941 1189 1058 1249 Decret.
1077 1204 1085 1247 τ
1106 1185 1166 1248 «Si

194 1304 207 1336 a
234 1286 334 1343 autem
349 1279 426 1341 intre
440 1286 556 1342 eertum
570 1285 690 1360 tempus
708 1278 745 1344 lis
765 1277 932 1340 decidenda
949 1274 1165 1352 committitur,

194 1393 208 1426 a
232 1388 270 1430 ex
282 1377 357 1430 tuno
369 1367 517 1430 terminus
531 1367 634 1448 incipit
648 1385 784 1442 currere,
796 1368 861 1430 eum
873 1364 989 1448 jndices
1009 1363 1167 1444 contigerit

194 1480 208 1513 a
234 1456 352 1518 litteras
374 1455 555 1538 recepisse.»
581 1455 668 1520 Unde
686 1455 718 1517 in
739 1453 788 1517 lali
808 1455 953 1535 rescripto
971 1450 1083 1515 attendi
1105 1470 1168 1514 non

194 1546 282 1606 debet
305 1551 424 1625 tempus
446 1543 523 1606 datar
545 1544 597 1606 sed
612 1544 869 1628 presentationem
889 1543 956 1622 ejus
977 1561 984 1601 :
1005 1540 1169 1622 irritosque

195 1639 273 1694 esset
286 1651 444 1714 processus
455 1639 524 1694 ante
543 1631 804 1714 praesentationem
819 1631 968 1713 rescripti;
984 1647 1041 1692 nen
1057 1646 1168 1692 conra-

196 1723 319 1784 lescerel
337 1738 392 1802 per
415 1729 548 1784 sec-utam
573 1722 650 1782 banc
670 1720 955 1802 presentationem,
980 1717 1051 1800 quia
1073 1717 1169 1782 lactus

195 1811 298 1872 suisset
312 1813 330 1872 a
345 1830 406 1872 oon
420 1811 548 1872 habento
559 1809 811 1889 jurisdictionem.
827 1812 870 1872 lta
884 1807 1096 1872 communiter.

234 1901 298 1960 lmb
319 1899 423 1962 litterae
447 1899 666 1980 delegationem
690 1899 879 1961 continentes
901 1897 1033 1960 exhiberi
1056 1897 1170 1961 debent

194 1989 224 2048 in
244 1987 340 2050 lormtt
361 1989 531 2051 authentica
551 1988 750 2069 litigantibus,
768 1988 901 2070 ipsisque
915 2005 1017 2050 coram
1030 1985 1169 2068 delegato

194 2078 439 2159 comparentibus
452 2076 516 2140 dari
530 2077 617 2140 debet
633 2078 734 2159 eopia,
746 2077 879 2159 alioquin
889 2077 1096 2158 obtemperare
1105 2095 1168 2140 non

194 2173 353 2243 tenentur,
376 2179 463 2248 prout
478 2175 596 2228 constet
615 2185 652 2226 etr
671 2185 737 2245 cap.
759 2166 832 2229 Ciam
847 2165 958 2247 injure
971 2168 1006 2226 ut
1020 2210 1027 2244 ,
1040 2166 1086 2228 tit.
1107 2169 1168 2244 29,

195 2255 246 2314 lib.
258 2258 388 2332 Deerat,
400 2255 608 2336 ubiEpisoopo
621 2255 775 2332 bajocensi
785 2255 1107 2337 respondetlnnoceot.
1117 2257 1167 2318 lll:

198 2366 213 2400 a
233 2342 294 2402 Nisi
305 2341 492 2404 demandato
501 2342 586 2404 Sedis
598 2342 775 2422 spostolicae
784 2351 883 2406 certus
895 2343 1050 2419 exstiteris,
1060 2346 1167 2426 exequi

193 2453 208 2489 n
235 2449 297 2493 non
312 2431 520 2513 cogerisquod
534 2430 705 2494 arandatur.
721 2452 736 2491 a
755 2434 791 2494 Et
802 2431 876 2494 ratio
886 2434 957 2514 quia
973 2450 1079 2512 nemo,
1095 2453 1173 2514 pru·

194 2519 1165 2603 terjudicemordinarium,praesumiturhaberejurisdictionern‚

194 2611 251 2671 nisi
265 2610 418 2691 probetur.

232 2703 321 2762 5580.
348 2699 500 2763 Praedicta,
523 2700 637 2782 regulae
659 2700 769 2764 dantur
789 2702 929 2785 quaedam
953 2705 1166 2785 exceptiones:

193 2787 328 2849 videlicet
352 2791 383 2849 l⁰
404 2789 564 2869 Delegatus
584 2789 622 2852 ab
645 2789 803 2854 Ordinarin
828 2809 889 2854 non
911 2791 1046 2875 principe
1069 2799 1170 2876 potest

193 2894 279 2937 suam
293 2875 539 2938 commissionem
554 2877 681 2960 probare
699 2897 753 2960 per
773 2885 873 2944 testes.
889 2885 920 2942 2⁰
942 2883 1071 2964 lpsemet
1083 2881 1168 2946 dela-

193 2972 279 3042 gatus
301 2967 319 3025 a
340 2965 421 3045 Papa
441 2984 502 3026 non
517 2973 636 3029 tenetur
655 2967 796 3032 exhibere
816 2988 905 3032 suum
926 2972 1103 3052 rescriptum
1116 3021 1125 3050 ,
1140 2993 1167 3036 st

193 3053 342 3133 litigantes
356 3061 385 3117 et
398 3054 572 3118 ordinarius
583 3055 673 3118 fidem
683 3057 776 3119 velint
788 3057 859 3121 dare
871 3057 1008 3140 delegato
1021 3064 1168 3126 asserenti

193 3142 346 3220 solabere
360 3143 547 3209 mundatum.
564 3149 596 3207 3⁰
611 3147 641 3208 Si
655 3145 798 3228 delegans
811 3149 850 3209 sit
862 3167 995 3230 praesens
1006 3157 1036 3212 et
1049 3150 1087 3213 ab
1099 3152 1167 3233 ipso

193 3233 284 3312 quaeri
301 3231 387 3295 facile
401 3234 493 3315 possit
506 3253 545 3295 aa
559 3235 629 3296 uere
642 3231 862 3317 delegationem
877 3239 1067 3301 concesserit.
1083 3245 1116 3302 1ο
1134 3243 1165 3304 Si

193 3329 261 3382 ante
284 3321 429 3384 exhibitas
455 3323 564 3384 litteras
591 3329 690 3404 partes
712 3341 815 3388 coram
837 3326 973 3409 delegato
1001 3328 1084 3391 litem
1104 3330 1167 3395 sint

192 3415 375 3473 contestatae.

231 3499 322 3560 558l.
338 3501 428 3581 Resp.
453 3505 484 3562 2⁶
499 3503 566 3564 Non
581 3502 690 3565 dehere
708 3505 879 3588 delegatum
900 3509 1062 3592 procedere
1085 3509 1165 3574 ultra

193 3583 389 3664 mandatum,
412 3589 483 3670 quia
509 3589 587 3652 ultra
610 3590 683 3654 illud
711 3595 825 3658 nullam
849 3597 937 3660 habet
960 3604 1163 3680 potestatems

192 3677 369 3736 nontamen
383 3683 522 3742 musetur
535 3678 612 3742 ultra
629 3681 804 3746 mandatum
819 3686 981 3768 procedere
994 3687 1019 3750 si
1036 3706 1164 3770 cognos·
