2466 4258
194 187 252 252 73l
411 203 553 252 uerutus
570 197 677 251 roaros
697 201 780 252 rums
800 204 958 255 ctuomcr.

194 319 345 383 mendum
360 318 496 384 adducta
510 318 584 398 fuit,
595 320 661 384 sive
672 319 804 403 quando
819 329 892 406 post
914 321 1037 386 datum
1057 339 1175 386 consec·

193 428 262 472 sum
278 407 392 472 festum
415 409 559 490 nuptiale
584 409 805 474 celebrabatur
814 430 824 490 ;
849 419 961 474 utrum
993 430 1114 494 nempe
1138 415 1175 472 hi,

192 498 343 562 omnibus
356 497 479 574 hilaria,
503 509 662 580 prompte,
678 507 709 563 et
732 499 802 561 laeta
820 499 996 577 adstiterit,
1014 519 1060 564 an
1081 520 1173 564 serua.

193 586 427 653 Consideranda
451 605 579 669 quoque
598 587 666 670 ejus
693 587 807 669 agendi
830 588 913 652 ratio
937 606 1022 671 erga
1045 590 1178 672 eiusdem

193 677 362 754 familiam3
379 685 486 742 utrum
498 695 612 760 nempe
635 677 789 742 benevola
807 689 837 742 et
861 675 1047 742 affectuosa
1055 699 1065 758 ;
1084 689 1178 744 utrum

195 766 338 839 libenter,
355 774 385 829 et
412 767 480 829 sine
506 765 705 848 oppositione
726 767 765 830 ad
790 763 897 832 officia
928 768 1179 832 matrimonialia

192 875 259 920 sese
280 856 474 933 exhibuerit,
494 873 533 918 an
558 855 677 920 eisdem
691 855 859 928 obstiterit,
882 873 921 920 ea
937 860 1132 939 praesertim
1150 861 1180 922 de

192 965 288 1010 causa
313 947 388 1027 quia
410 943 649 1008 matrimonium
671 945 797 1008 nullum
825 947 1005 1027 putaverit,
1031 961 1180 1030 atquem

192 1033 394 1098 meliuslueri
411 1043 514 1114 posset
529 1034 691 1115 propriam
703 1033 889 1096 libertatem.
906 1034 958 1098 hd
980 1033 1051 1100 hoc
1068 1048 1179 1119 postra-

193 1143 281 1188 mum
299 1121 417 1186 lactum
433 1123 648 1202 probandum,
665 1124 856 1188 considerari
869 1121 980 1204 debet,
1001 1135 1120 1190 utrum
1133 1129 1180 1191 hn-

193 1214 232 1276 de
247 1229 342 1277 causa
358 1212 439 1274 inter
453 1213 604 1294 coniuges
619 1213 705 1292 ipsos
724 1221 802 1276 ortae
814 1213 878 1276 sint
902 1213 979 1278 lites
1003 1225 1039 1279 et
1055 1229 1179 1280 contre·

192 1304 305 1374 tiones,
323 1309 431 1364 utrum
458 1300 519 1364 hoc
543 1299 663 1364 iactum
685 1299 975 1382 manifestaverint,
999 1317 1032 1368 et
1050 1309 1178 1387 quihus:

142 1437 148 1448 .
193 1410 301 1475 aquo
326 1399 467 1472 tempore
494 1399 565 1472 post
591 1391 830 1455 matrimonium
858 1391 928 1456 istae
956 1398 1177 1474 quaerimonia

193 1481 383 1563 inceperint,
399 1487 430 1542 et
443 1499 482 1542 ex
503 1499 566 1562 qua
579 1499 674 1544 causa
687 1481 736 1544 rel
760 1479 898 1557 ratione;
916 1491 1035 1548 utrum
1055 1487 1097 1550 ad
1113 1488 1177 1549 tales

194 1570 263 1632 lites
277 1577 308 1632 et
322 1569 534 1632 dissensiones
552 1568 708 1634 tollendas
722 1567 864 1634 adhibita
886 1565 1015 1635 fuerint
1039 1576 1177 1646 consilia,

194 1657 398 1734 hortationes,
430 1667 461 1721 et
481 1659 514 1721 in
538 1676 614 1723 casu
643 1657 844 1736 affirmativo,
872 1660 1041 1742 aquibus
1070 1669 1175 1746 etque

194 1749 294 1814 exilu.

233 1837 283 1902 38.
306 1835 351 1901 hd
369 1837 518 1920 praedicta
547 1837 766 1919 cognoscenda
797 1839 830 1900 in
856 1837 1024 1918 judicium
1058 1839 1165 1906 coeca

193 1937 288 1993 erunt
309 1927 404 1990 ambo
417 1927 580 2009 coirjugea,
598 1945 775 2010 eorumque
790 1933 951 2008 parentes,
972 1928 1026 1992 illi
1059 1945 1162 2012 preser-

194 2019 262 2092 tim,
275 2019 329 2100 qui
345 2017 384 2080 de
398 2018 561 2080 coactione
573 2015 716 2080 adhibita
732 2026 935 2096 accusamur,
949 2026 987 2080 et
998 2035 1170 2102 opportune

195 2107 410 2189 interrogandi
424 2105 464 2170 de
487 2105 569 2172 lacto
598 2107 679 2186 ipso,
700 2105 740 2168 de
761 2103 865 2182 modo,
884 2105 923 2168 de
938 2107 1073 2176 animo.
1089 2117 1118 2171 et
1142 2107 1175 2170 de

195 2199 258 2261 sine
272 2197 314 2260 ob
328 2215 422 2279 quem
437 2197 475 2260 ad
500 2197 560 2258 rim
589 2195 805 2258 adhibendam
831 2193 918 2258 ducti
939 2191 1092 2260 fuerunt.
1108 2197 1175 2260 ltem

194 2287 329 2351 vocandi
352 2283 524 2367 propinqui
545 2295 577 2348 et
597 2282 769 2348 familiares
782 2281 970 2348 violentiam
988 2290 1175 2352 accusantis

192 2383 224 2440 et
238 2373 453 2456 interrogandi
475 2373 515 2438 de
529 2373 691 2450 omnibus,
713 2393 786 2456 qum
810 2373 856 2435 vel
884 2373 924 2437 ad
953 2382 1118 2455 parentes,
1136 2377 1176 2439 rel

194 2466 233 2530 ad
258 2466 340 2528 lilios
353 2461 551 2539 aeserunium
573 2472 680 2528 utrum
703 2463 881 2548 quidquam
904 2479 1037 2541 corum,
1062 2485 1135 2548 que
1150 2467 1175 2527 in

194 2556 272 2618 actis
288 2555 458 2630 habentur,
474 2553 612 2616 viderint
638 2561 692 2618 aut
720 2551 913 2630 audiverint,
932 2555 1058 2634 quidve
1078 2559 1176 2620 norim

195 2645 344 2708 accidisse
359 2642 399 2708 ad
409 2659 476 2708 rem
489 2641 738 2726 pertinens,sive
749 2650 918 2724 antequam
935 2643 1173 2708 matrimonium

194 2733 416 2808 celebraretur,
446 2733 511 2796 sive
538 2739 682 2814 tempore
717 2730 982 2810 cohabitationis,
1015 2735 1087 2796 sire
1112 2741 1174 2816 post

196 2823 370 2903 conjuaum
399 2821 644 2902 separationem,
671 2819 698 2884 si
728 2819 798 2883 haec
825 2819 932 2884 locum
961 2819 1121 2886 habuerit.
1138 2820 1168 2882 lc

195 2911 281 2974 hisce
313 2909 533 2974 examinandis
557 2910 653 2990 judex
684 2907 851 2992 diiigenter
885 2909 1051 2992 invigilet,
1073 2919 1159 2972 atram

194 3001 303 3080 aliqua
317 2997 501 3062 collusionis
516 2997 715 3080 suspicanda
731 3015 825 3061 causa
840 2997 955 3070 subsit,
973 3011 1007 3062 et
1034 3003 1161 3070 matut

194 3089 298 3169 quoad
323 3085 463 3168 singulas
477 3105 628 3167 personas
638 3087 848 3168 parochorum
864 3089 1088 3152 testimonium
1100 3087 1169 3152 obti-

196 3183 268 3238 neat
295 3173 334 3236 de
363 3176 504 3256 ipsarum
533 3174 690 3257 probitate
718 3185 815 3256 atque
843 3175 1073 3242 credibilitate.
1107 3179 1173 3238 Post

197 3265 272 3328 istos
301 3265 433 3327 vocandi
460 3264 619 3346 parochus
646 3263 696 3329 vel
726 3261 979 3332 aliussacerdos.
997 3267 1054 3347 qui
1071 3267 1172 3330 matri·

196 3353 305 3414 monio
326 3353 464 3430 adstitit;
483 3353 542 3433 illi,
558 3355 613 3438 qui
643 3355 786 3437 ejusdem
816 3355 1022 3420 celebrationi
1046 3367 1078 3419 et
1102 3355 1176 3418 festu

195 3441 331 3524 nuptiali
348 3444 571 3520 interluerunt,
593 3453 628 3506 ut
656 3441 794 3507 referant
813 3445 988 3526 praesertim
1010 3445 1175 3514 demmin,

195 3549 259 3614 quo
288 3552 421 3615 persona
445 3541 556 3596 eontra
585 3533 825 3596 matrimonium
847 3533 1027 3598 reclamans
1053 3535 1089 3596 in
1116 3535 1177 3596 illis
