<?xml version="1.0" encoding="UTF-8"?>
<!DOCTYPE html PUBLIC "-//W3C//DTD XHTML 1.0 Transitional//EN"
    "http://www.w3.org/TR/xhtml1/DTD/xhtml1-transitional.dtd">
<html xmlns="http://www.w3.org/1999/xhtml" xml:lang="en" lang="en">
 <head>
  <title>
</title>
<meta http-equiv="Content-Type" content="text/html;charset=utf-8" />
  <meta name='ocr-system' content='tesseract 3.04.00' />
  <meta name='ocr-capabilities' content='ocr_page ocr_carea ocr_par ocr_line ocrx_word'/>
</head>
<body>
  <div class='ocr_page' id='page_1' title='image "./manualetotiusju02craigoog/manualetotiusju02craigoog_0324.png"; bbox 0 0 2548 3988; ppageno 0'>
   <div class='ocr_carea' id='block_1_1' title="bbox 444 329 1098 393">
    <p class='ocr_par' dir='ltr' id='par_1_1' title="bbox 444 329 1098 393">
     <span class='ocr_line' id='line_1_1' title="bbox 444 329 1098 393; baseline 0.002 -1"><span class='ocrx_word' id='word_1_1' title='bbox 444 337 446 344; x_wconf 81' lang='grc'>’</span> <span class='ocrx_word' id='word_1_2' title='bbox 490 343 575 392; x_wconf 77' lang='lat' dir='ltr'><strong>trono</strong></span> <span class='ocrx_word' id='word_1_3' title='bbox 596 347 726 393; x_wconf 78' lang='lat' dir='ltr'><strong>renerus.</strong></span> <span class='ocrx_word' id='word_1_4' title='bbox 1039 329 1098 393; x_wconf 87' lang='grc'><strong>315</strong></span> 
     </span>
    </p>
   </div>
   <div class='ocr_carea' id='block_1_2' title="bbox 125 440 1100 705">
    <p class='ocr_par' dir='ltr' id='par_1_2' title="bbox 125 440 1100 705">
     <span class='ocr_line' id='line_1_2' title="bbox 126 440 1100 525; baseline 0.005 -25"><span class='ocrx_word' id='word_1_5' title='bbox 126 453 254 502; x_wconf 82' lang='lat' dir='ltr'><strong>censura</strong></span> <span class='ocrx_word' id='word_1_6' title='bbox 276 440 362 521; x_wconf 72' lang='lat' dir='ltr'><strong>cuius</strong></span> <span class='ocrx_word' id='word_1_7' title='bbox 376 440 495 504; x_wconf 79' lang='lat' dir='ltr'><strong>violatio</strong></span> <span class='ocrx_word' id='word_1_8' title='bbox 519 443 767 525; x_wconf 83' lang='lat' dir='ltr'><strong>irregularitatem</strong></span> <span class='ocrx_word' id='word_1_9' title='bbox 782 443 918 523; x_wconf 86' lang='lat' dir='ltr'><strong>inducit,</strong></span> <span class='ocrx_word' id='word_1_10' title='bbox 933 442 985 508; x_wconf 88' lang='lat' dir='ltr'><strong>sed</strong></span> <span class='ocrx_word' id='word_1_11' title='bbox 999 443 1058 507; x_wconf 76' lang='lat' dir='ltr'><strong>late</strong></span> <span class='ocrx_word' id='word_1_12' title='bbox 1070 449 1100 506; x_wconf 89' lang='lat' dir='ltr'><strong>et</strong></span> 
     </span>
     <span class='ocr_line' id='line_1_3' title="bbox 127 529 1100 616; baseline 0.008 -28"><span class='ocrx_word' id='word_1_13' title='bbox 127 529 309 610; x_wconf 75' lang='lat' dir='ltr'><strong>improprie,</strong></span> <span class='ocrx_word' id='word_1_14' title='bbox 329 536 360 592; x_wconf 90' lang='lat' dir='ltr'><strong>ot</strong></span> <span class='ocrx_word' id='word_1_15' title='bbox 379 531 479 612; x_wconf 85' lang='lat' dir='ltr'><strong>potiirs</strong></span> <span class='ocrx_word' id='word_1_16' title='bbox 500 539 646 615; x_wconf 80' lang='lat' dir='ltr'><strong>tunquam</strong></span> <span class='ocrx_word' id='word_1_17' title='bbox 672 552 725 615; x_wconf 89' lang='lat' dir='ltr'><strong>per</strong></span> <span class='ocrx_word' id='word_1_18' title='bbox 738 539 924 616; x_wconf 87' lang='lat' dir='ltr'><strong>praeceptum</strong></span> <span class='ocrx_word' id='word_1_19' title='bbox 945 533 1100 596; x_wconf 78' lang='lat' dir='ltr'><strong>nubatissa</strong></span> 
     </span>
     <span class='ocr_line' id='line_1_4' title="bbox 125 616 1099 705; baseline 0.006 -28"><span class='ocrx_word' id='word_1_20' title='bbox 125 616 256 696; x_wconf 89' lang='lat' dir='ltr'><strong>elerico,</strong></span> <span class='ocrx_word' id='word_1_21' title='bbox 272 619 498 701; x_wconf 83' lang='lat' dir='ltr'><strong>quodammodo</strong></span> <span class='ocrx_word' id='word_1_22' title='bbox 512 621 737 702; x_wconf 79' lang='lat' dir='ltr'><strong>sibi-subjecto,</strong></span> <span class='ocrx_word' id='word_1_23' title='bbox 751 622 890 705; x_wconf 82' lang='lat' dir='ltr'>prohibet</span> <span class='ocrx_word' id='word_1_24' title='bbox 903 622 1003 685; x_wconf 87' lang='lat' dir='ltr'><strong>missae</strong></span> <span class='ocrx_word' id='word_1_25' title='bbox 1016 622 1099 684; x_wconf 89' lang='lat' dir='ltr'><strong>cele-</strong></span> 
     </span>
    </p>
   </div>
   <div class='ocr_carea' id='block_1_3' title="bbox 125 704 1100 1419">
    <p class='ocr_par' dir='ltr' id='par_1_3' title="bbox 125 704 1098 883">
     <span class='ocr_line' id='line_1_5' title="bbox 126 704 1098 791; baseline 0.008 -25"><span class='ocrx_word' id='word_1_26' title='bbox 126 704 295 770; x_wconf 85' lang='lat' dir='ltr'><strong>brationem</strong></span> <span class='ocrx_word' id='word_1_27' title='bbox 316 707 414 772; x_wconf 93' lang='lat' dir='ltr'><strong>donec</strong></span> <span class='ocrx_word' id='word_1_28' title='bbox 427 709 620 791; x_wconf 75' lang='lat' dir='ltr'><strong>satisfecerit,</strong></span> <span class='ocrx_word' id='word_1_29' title='bbox 636 711 771 775; x_wconf 90' lang='lat' dir='ltr'><strong>redditus</strong></span> <span class='ocrx_word' id='word_1_30' title='bbox 784 709 924 775; x_wconf 87' lang='lat' dir='ltr'><strong>beneficii</strong></span> <span class='ocrx_word' id='word_1_31' title='bbox 944 713 1058 775; x_wconf 84' lang='lat' dir='ltr'><strong>interca</strong></span> <span class='ocrx_word' id='word_1_32' title='bbox 1072 710 1098 774; x_wconf 92' lang='lat' dir='ltr'><strong>ei</strong></span> 
     </span>
     <span class='ocr_line' id='line_1_6' title="bbox 125 793 713 883; baseline 0.015 -27"><span class='ocrx_word' id='word_1_33' title='bbox 125 793 296 861; x_wconf 84' lang='lat' dir='ltr'><strong>detrahens.</strong></span> <span class='ocrx_word' id='word_1_34' title='bbox 314 799 357 877; x_wconf 85' lang='lat' dir='ltr'><strong>(S.</strong></span> <span class='ocrx_word' id='word_1_35' title='bbox 373 799 509 880; x_wconf 77' lang='lat' dir='ltr'><strong>Liguon,</strong></span> <span class='ocrx_word' id='word_1_36' title='bbox 525 799 581 880; x_wconf 76' lang='lat' dir='ltr'><strong>iu,</strong></span> <span class='ocrx_word' id='word_1_37' title='bbox 597 811 631 863; x_wconf 78' lang='grc' dir='ltr'><strong>ηο</strong></span> <span class='ocrx_word' id='word_1_38' title='bbox 647 802 713 883; x_wconf 80' lang='lat' dir='ltr'><strong>n.)</strong></span> 
     </span>
    </p>

    <p class='ocr_par' dir='ltr' id='par_1_4' title="bbox 128 885 1100 1060">
     <span class='ocr_line' id='line_1_7' title="bbox 166 885 1100 974; baseline 0.004 -26"><span class='ocrx_word' id='word_1_39' title='bbox 166 887 198 948; x_wconf 72' lang='lat'><strong>2⁰</strong></span> <span class='ocrx_word' id='word_1_40' title='bbox 220 885 262 950; x_wconf 84' lang='lat' dir='ltr'><strong>Ut</strong></span> <span class='ocrx_word' id='word_1_41' title='bbox 273 889 315 950; x_wconf 81' lang='lat' dir='ltr'><strong>sit</strong></span> <span class='ocrx_word' id='word_1_42' title='bbox 330 887 504 970; x_wconf 82' lang='lat' dir='ltr'><strong>baptizatus,</strong></span> <span class='ocrx_word' id='word_1_43' title='bbox 520 891 590 972; x_wconf 83' lang='lat' dir='ltr'><strong>quio</strong></span> <span class='ocrx_word' id='word_1_44' title='bbox 605 891 657 974; x_wconf 93' lang='lat' dir='ltr'><strong>qui</strong></span> <span class='ocrx_word' id='word_1_45' title='bbox 671 894 789 954; x_wconf 81' lang='lat' dir='ltr'><strong>nonest</strong></span> <span class='ocrx_word' id='word_1_46' title='bbox 800 890 832 952; x_wconf 92' lang='lat' dir='ltr'><strong>in</strong></span> <span class='ocrx_word' id='word_1_47' title='bbox 845 889 991 968; x_wconf 73' lang='lat' dir='ltr'><strong>Ecoledi,</strong></span> <span class='ocrx_word' id='word_1_48' title='bbox 1006 907 1100 972; x_wconf 81' lang='lat' dir='ltr'>capax</span> 
     </span>
     <span class='ocr_line' id='line_1_8' title="bbox 128 977 1097 1060; baseline 0.003 -22"><span class='ocrx_word' id='word_1_49' title='bbox 128 977 1097 1060; x_wconf 75' lang='lat' dir='ltr'><strong>nonestjurisdiotionisecclesiastice.ltaveriuscontraUgolin.</strong></span> 
     </span>
    </p>

    <p class='ocr_par' dir='ltr' id='par_1_5' title="bbox 125 1065 1099 1419">
     <span class='ocr_line' id='line_1_9' title="bbox 166 1065 1098 1152; baseline 0.001 -25"><span class='ocrx_word' id='word_1_50' title='bbox 166 1067 199 1127; x_wconf 81' lang='lat'><strong>3·</strong></span> <span class='ocrx_word' id='word_1_51' title='bbox 223 1065 264 1129; x_wconf 85' lang='lat' dir='ltr'><strong>Ut</strong></span> <span class='ocrx_word' id='word_1_52' title='bbox 276 1067 318 1129; x_wconf 84' lang='lat' dir='ltr'><strong>sit</strong></span> <span class='ocrx_word' id='word_1_53' title='bbox 327 1069 432 1152; x_wconf 75' lang='lat' dir='ltr'><strong>primii</strong></span> <span class='ocrx_word' id='word_1_54' title='bbox 448 1070 565 1132; x_wconf 75' lang='lat' dir='ltr'><strong>tonsuri</strong></span> <span class='ocrx_word' id='word_1_55' title='bbox 583 1069 743 1152; x_wconf 76' lang='lat' dir='ltr'><strong>insipaitus</strong></span> <span class='ocrx_word' id='word_1_56' title='bbox 757 1071 835 1151; x_wconf 82' lang='lat' dir='ltr'><strong>(cap.</strong></span> <span class='ocrx_word' id='word_1_57' title='bbox 856 1068 1046 1132; x_wconf 79' lang='lat' dir='ltr'><strong>Decemimas</strong></span> <span class='ocrx_word' id='word_1_58' title='bbox 1060 1072 1098 1146; x_wconf 73' lang='lat'><strong>2,</strong></span> 
     </span>
     <span class='ocr_line' id='line_1_10' title="bbox 126 1155 1099 1242; baseline -0.001 -24"><span class='ocrx_word' id='word_1_59' title='bbox 126 1155 161 1218; x_wconf 86' lang='lat' dir='ltr'><strong>de</strong></span> <span class='ocrx_word' id='word_1_60' title='bbox 176 1155 314 1238; x_wconf 75' lang='lat' dir='ltr'><strong>judionis)</strong></span> <span class='ocrx_word' id='word_1_61' title='bbox 335 1177 342 1220; x_wconf 91' lang='lat'>:</span> <span class='ocrx_word' id='word_1_62' title='bbox 364 1157 445 1221; x_wconf 88' lang='lat' dir='ltr'><strong>unde</strong></span> <span class='ocrx_word' id='word_1_63' title='bbox 468 1159 599 1241; x_wconf 81' lang='lat' dir='ltr'><strong>religiosi</strong></span> <span class='ocrx_word' id='word_1_64' title='bbox 622 1161 712 1222; x_wconf 83' lang='lat' dir='ltr'><strong>etiam</strong></span> <span class='ocrx_word' id='word_1_65' title='bbox 735 1158 861 1242; x_wconf 80' lang='lat' dir='ltr'><strong>professi</strong></span> <span class='ocrx_word' id='word_1_66' title='bbox 895 1157 947 1240; x_wconf 86' lang='lat' dir='ltr'><strong>qui</strong></span> <span class='ocrx_word' id='word_1_67' title='bbox 971 1157 1099 1239; x_wconf 86' lang='lat' dir='ltr'><strong>primam</strong></span> 
     </span>
     <span class='ocr_line' id='line_1_11' title="bbox 127 1245 1098 1332; baseline 0.001 -25"><span class='ocrx_word' id='word_1_68' title='bbox 127 1264 189 1308; x_wconf 92' lang='lat' dir='ltr'><strong>non</strong></span> <span class='ocrx_word' id='word_1_69' title='bbox 203 1245 315 1309; x_wconf 85' lang='lat' dir='ltr'><strong>hebent</strong></span> <span class='ocrx_word' id='word_1_70' title='bbox 332 1253 510 1328; x_wconf 73' lang='lat' dir='ltr'><strong>tonsuram,</strong></span> <span class='ocrx_word' id='word_1_71' title='bbox 526 1267 666 1312; x_wconf 86' lang='lat' dir='ltr'><strong>exercere</strong></span> <span class='ocrx_word' id='word_1_72' title='bbox 688 1255 844 1332; x_wconf 86' lang='lat' dir='ltr'><strong>nequeunt</strong></span> <span class='ocrx_word' id='word_1_73' title='bbox 858 1252 1035 1330; x_wconf 84' lang='lat' dir='ltr'><strong>potestatem</strong></span> <span class='ocrx_word' id='word_1_74' title='bbox 1050 1265 1098 1308; x_wconf 91' lang='lat' dir='ltr'><strong>ec-</strong></span> 
     </span>
     <span class='ocr_line' id='line_1_12' title="bbox 125 1334 1097 1419; baseline -0.001 -21"><span class='ocrx_word' id='word_1_75' title='bbox 125 1334 340 1414; x_wconf 64' lang='lat' dir='ltr'><strong>clesiasticam</strong></span> <span class='ocrx_word' id='word_1_76' title='bbox 356 1338 409 1400; x_wconf 90' lang='lat' dir='ltr'><strong>sed</strong></span> <span class='ocrx_word' id='word_1_77' title='bbox 427 1338 485 1402; x_wconf 93' lang='lat' dir='ltr'><strong>hoc</strong></span> <span class='ocrx_word' id='word_1_78' title='bbox 498 1345 544 1401; x_wconf 90' lang='lat' dir='ltr'><strong>est</strong></span> <span class='ocrx_word' id='word_1_79' title='bbox 556 1339 674 1419; x_wconf 83' lang='lat' dir='ltr'><strong>dejure</strong></span> <span class='ocrx_word' id='word_1_80' title='bbox 688 1339 888 1404; x_wconf 79' lang='lat' dir='ltr'><strong>ecclesiastico</strong></span> <span class='ocrx_word' id='word_1_81' title='bbox 903 1355 964 1399; x_wconf 92' lang='lat' dir='ltr'><strong>non</strong></span> <span class='ocrx_word' id='word_1_82' title='bbox 979 1335 1097 1412; x_wconf 91' lang='lat' dir='ltr'><strong>divino;</strong></span> 
     </span>
    </p>
   </div>
   <div class='ocr_carea' id='block_1_4' title="bbox 125 1417 1273 1512">
    <p class='ocr_par' dir='ltr' id='par_1_6' title="bbox 125 1417 1273 1512">
     <span class='ocr_line' id='line_1_13' title="bbox 125 1417 1273 1512; baseline -0.001 -23"><span class='ocrx_word' id='word_1_83' title='bbox 125 1424 209 1489; x_wconf 91' lang='lat' dir='ltr'><strong>unde</strong></span> <span class='ocrx_word' id='word_1_84' title='bbox 222 1429 425 1490; x_wconf 88' lang='lat' dir='ltr'><strong>communiter</strong></span> <span class='ocrx_word' id='word_1_85' title='bbox 437 1428 547 1492; x_wconf 85' lang='lat' dir='ltr'><strong>docent</strong></span> <span class='ocrx_word' id='word_1_86' title='bbox 560 1431 623 1490; x_wconf 84' lang='lat' dir='ltr'><strong>DD.</strong></span> <span class='ocrx_word' id='word_1_87' title='bbox 639 1429 750 1492; x_wconf 85' lang='lat' dir='ltr'><strong>lsicunr</strong></span> <span class='ocrx_word' id='word_1_88' title='bbox 765 1447 852 1512; x_wconf 88' lang='lat' dir='ltr'><strong>posse</strong></span> <span class='ocrx_word' id='word_1_89' title='bbox 866 1427 944 1491; x_wconf 87' lang='lat' dir='ltr'><strong>ierre</strong></span> <span class='ocrx_word' id='word_1_90' title='bbox 957 1444 1099 1489; x_wconf 82' lang='lat' dir='ltr'><strong>censuros</strong></span> <span class='ocrx_word' id='word_1_91' title='bbox 1177 1449 1180 1456; x_wconf 93' lang='lat'>·</span> <span class='ocrx_word' id='word_1_92' title='bbox 1272 1417 1273 1426; x_wconf 69' lang='grc'>’</span> 
     </span>
    </p>
   </div>
   <div class='ocr_carea' id='block_1_5' title="bbox 125 1517 1104 3476">
    <p class='ocr_par' dir='ltr' id='par_1_7' title="bbox 125 1517 619 1582">
     <span class='ocr_line' id='line_1_14' title="bbox 125 1517 619 1582; baseline 0.006 -4"><span class='ocrx_word' id='word_1_93' title='bbox 125 1535 163 1578; x_wconf 84' lang='lat' dir='ltr'><strong>ex</strong></span> <span class='ocrx_word' id='word_1_94' title='bbox 178 1517 438 1582; x_wconf 77' lang='lat' dir='ltr'><strong>commissiones,</strong></span> <span class='ocrx_word' id='word_1_95' title='bbox 455 1518 619 1582; x_wconf 79' lang='lat' dir='ltr'><strong>Pontificio.</strong></span> 
     </span>
    </p>

    <p class='ocr_par' dir='ltr' id='par_1_8' title="bbox 126 1603 1100 1867">
     <span class='ocr_line' id='line_1_15' title="bbox 166 1603 1098 1691; baseline -0.001 -23"><span class='ocrx_word' id='word_1_96' title='bbox 166 1611 199 1668; x_wconf 72' lang='lat'><strong>4⁰</strong></span> <span class='ocrx_word' id='word_1_97' title='bbox 223 1603 264 1669; x_wconf 80' lang='lat' dir='ltr'><strong>[le</strong></span> <span class='ocrx_word' id='word_1_98' title='bbox 273 1606 315 1669; x_wconf 83' lang='lat' dir='ltr'><strong>sit</strong></span> <span class='ocrx_word' id='word_1_99' title='bbox 327 1607 454 1670; x_wconf 86' lang='lat' dir='ltr'><strong>rationis</strong></span> <span class='ocrx_word' id='word_1_100' title='bbox 463 1627 574 1691; x_wconf 85' lang='lat' dir='ltr'><strong>compos</strong></span> <span class='ocrx_word' id='word_1_101' title='bbox 586 1628 594 1670; x_wconf 92' lang='lat'><strong>:</strong></span> <span class='ocrx_word' id='word_1_102' title='bbox 605 1608 668 1671; x_wconf 85' lang='lat' dir='ltr'><strong>irnd</strong></span> <span class='ocrx_word' id='word_1_103' title='bbox 678 1608 768 1672; x_wconf 89' lang='lat' dir='ltr'><strong>debet</strong></span> <span class='ocrx_word' id='word_1_104' title='bbox 777 1608 887 1672; x_wconf 84' lang='lat' dir='ltr'><strong>hebere</strong></span> <span class='ocrx_word' id='word_1_105' title='bbox 900 1607 1098 1670; x_wconf 83' lang='lat' dir='ltr'><strong>intentionenr</strong></span> 
     </span>
     <span class='ocr_line' id='line_1_16' title="bbox 126 1695 1100 1780; baseline -0.002 -22"><span class='ocrx_word' id='word_1_106' title='bbox 126 1695 240 1777; x_wconf 82' lang='lat' dir='ltr'><strong>ligandi</strong></span> <span class='ocrx_word' id='word_1_107' title='bbox 254 1713 326 1760; x_wconf 87' lang='lat' dir='ltr'><strong>curn</strong></span> <span class='ocrx_word' id='word_1_108' title='bbox 340 1703 446 1760; x_wconf 85' lang='lat' dir='ltr'><strong>contre</strong></span> <span class='ocrx_word' id='word_1_109' title='bbox 459 1702 552 1780; x_wconf 70' lang='lat' dir='ltr'><strong>quern</strong></span> <span class='ocrx_word' id='word_1_110' title='bbox 565 1698 623 1761; x_wconf 87' lang='lat' dir='ltr'><strong>fert</strong></span> <span class='ocrx_word' id='word_1_111' title='bbox 634 1715 795 1762; x_wconf 81' lang='lat' dir='ltr'><strong>censuram</strong></span> <span class='ocrx_word' id='word_1_112' title='bbox 809 1700 887 1780; x_wconf 80' lang='lat' dir='ltr'><strong>(cop.</strong></span> <span class='ocrx_word' id='word_1_113' title='bbox 910 1696 985 1760; x_wconf 84' lang='lat' dir='ltr'><strong>Cam</strong></span> <span class='ocrx_word' id='word_1_114' title='bbox 1002 1695 1100 1758; x_wconf 83' lang='lat' dir='ltr'><strong>colun·</strong></span> 
     </span>
     <span class='ocr_line' id='line_1_17' title="bbox 127 1785 523 1867; baseline 0.013 -21"><span class='ocrx_word' id='word_1_115' title='bbox 127 1793 209 1861; x_wconf 83' lang='lat' dir='ltr'><strong>tate,</strong></span> <span class='ocrx_word' id='word_1_116' title='bbox 225 1785 523 1867; x_wconf 65' lang='lat' dir='ltr'><strong>detentorem).</strong></span> 
     </span>
    </p>

    <p class='ocr_par' dir='ltr' id='par_1_9' title="bbox 125 1874 1101 2498">
     <span class='ocr_line' id='line_1_18' title="bbox 167 1874 1100 1960; baseline 0.001 -23"><span class='ocrx_word' id='word_1_117' title='bbox 167 1875 198 1937; x_wconf 80' lang='lat'><strong>5⁰</strong></span> <span class='ocrx_word' id='word_1_118' title='bbox 222 1874 264 1938; x_wconf 75' lang='lat' dir='ltr'><strong>dt</strong></span> <span class='ocrx_word' id='word_1_119' title='bbox 285 1875 390 1938; x_wconf 81' lang='lat' dir='ltr'><strong>lrabeat</strong></span> <span class='ocrx_word' id='word_1_120' title='bbox 402 1876 646 1958; x_wconf 82' lang='lat' dir='ltr'><strong>jurisdictionem</strong></span> <span class='ocrx_word' id='word_1_121' title='bbox 670 1877 840 1960; x_wconf 71' lang='lat' dir='ltr'><strong>expeditam</strong></span> <span class='ocrx_word' id='word_1_122' title='bbox 866 1875 963 1958; x_wconf 68' lang='lat' dir='ltr'><strong>pond</strong></span> <span class='ocrx_word' id='word_1_123' title='bbox 984 1895 1069 1938; x_wconf 65' lang='lat' dir='ltr'><strong>mum</strong></span> <span class='ocrx_word' id='word_1_124' title='bbox 1087 1897 1100 1939; x_wconf 89' lang='lat'><strong>.·</strong></span> 
     </span>
     <span class='ocr_line' id='line_1_19' title="bbox 127 1963 1101 2048; baseline -0.001 -20"><span class='ocrx_word' id='word_1_125' title='bbox 127 1963 210 2028; x_wconf 91' lang='lat' dir='ltr'><strong>unde</strong></span> <span class='ocrx_word' id='word_1_126' title='bbox 230 1966 397 2048; x_wconf 79' lang='lat' dir='ltr'><strong>Episcopus</strong></span> <span class='ocrx_word' id='word_1_127' title='bbox 418 1968 715 2041; x_wconf 82' lang='lat' dir='ltr'><strong>excommunicatus,</strong></span> <span class='ocrx_word' id='word_1_128' title='bbox 736 1985 920 2047; x_wconf 84' lang='lat' dir='ltr'><strong>suspensus,</strong></span> <span class='ocrx_word' id='word_1_129' title='bbox 941 1965 1101 2027; x_wconf 86' lang='lat' dir='ltr'><strong>haercticus</strong></span> 
     </span>
     <span class='ocr_line' id='line_1_20' title="bbox 128 2053 1099 2139; baseline -0.004 -21"><span class='ocrx_word' id='word_1_130' title='bbox 128 2061 180 2118; x_wconf 84' lang='lat' dir='ltr'><strong>out</strong></span> <span class='ocrx_word' id='word_1_131' title='bbox 195 2054 403 2118; x_wconf 81' lang='lat' dir='ltr'><strong>schismaticus</strong></span> <span class='ocrx_word' id='word_1_132' title='bbox 426 2074 487 2118; x_wconf 93' lang='lat' dir='ltr'><strong>non</strong></span> <span class='ocrx_word' id='word_1_133' title='bbox 502 2063 601 2139; x_wconf 87' lang='lat' dir='ltr'><strong>potest</strong></span> <span class='ocrx_word' id='word_1_134' title='bbox 614 2057 692 2119; x_wconf 86' lang='lat' dir='ltr'><strong>ferre</strong></span> <span class='ocrx_word' id='word_1_135' title='bbox 705 2074 865 2133; x_wconf 85' lang='lat' dir='ltr'><strong>censuras,</strong></span> <span class='ocrx_word' id='word_1_136' title='bbox 881 2055 972 2117; x_wconf 84' lang='lat' dir='ltr'><strong>etiem</strong></span> <span class='ocrx_word' id='word_1_137' title='bbox 984 2053 1099 2131; x_wconf 75' lang='lat' dir='ltr'><strong>valide,</strong></span> 
     </span>
     <span class='ocr_line' id='line_1_21' title="bbox 127 2143 1097 2224; baseline -0.003 -18"><span class='ocrx_word' id='word_1_138' title='bbox 127 2143 152 2206; x_wconf 91' lang='lat' dir='ltr'><strong>si</strong></span> <span class='ocrx_word' id='word_1_139' title='bbox 168 2162 230 2206; x_wconf 89' lang='lat' dir='ltr'><strong>non</strong></span> <span class='ocrx_word' id='word_1_140' title='bbox 244 2144 282 2206; x_wconf 91' lang='lat' dir='ltr'><strong>sit</strong></span> <span class='ocrx_word' id='word_1_141' title='bbox 295 2145 440 2208; x_wconf 85' lang='lat' dir='ltr'><strong>toleratus</strong></span> <span class='ocrx_word' id='word_1_142' title='bbox 454 2149 477 2223; x_wconf 80' lang='lat'><strong>¹,</strong></span> <span class='ocrx_word' id='word_1_143' title='bbox 500 2163 558 2208; x_wconf 88' lang='lat' dir='ltr'><strong>nec</strong></span> <span class='ocrx_word' id='word_1_144' title='bbox 572 2145 669 2223; x_wconf 79' lang='lat' dir='ltr'><strong>licite,</strong></span> <span class='ocrx_word' id='word_1_145' title='bbox 683 2145 799 2208; x_wconf 82' lang='lat' dir='ltr'><strong>etiarnsi</strong></span> <span class='ocrx_word' id='word_1_146' title='bbox 812 2144 955 2207; x_wconf 81' lang='lat' dir='ltr'><strong>toleratus</strong></span> <span class='ocrx_word' id='word_1_147' title='bbox 968 2144 1005 2204; x_wconf 90' lang='lat' dir='ltr'><strong>sit</strong></span> <span class='ocrx_word' id='word_1_148' title='bbox 1021 2144 1097 2224; x_wconf 86' lang='lat' dir='ltr'><strong>(cop.</strong></span> 
     </span>
     <span class='ocr_line' id='line_1_22' title="bbox 125 2233 1100 2318; baseline -0.002 -22"><span class='ocrx_word' id='word_1_149' title='bbox 125 2233 361 2316; x_wconf 72' lang='lat' dir='ltr'><strong>Exceptioncm,</strong></span> <span class='ocrx_word' id='word_1_150' title='bbox 385 2234 419 2297; x_wconf 86' lang='lat' dir='ltr'><strong>de</strong></span> <span class='ocrx_word' id='word_1_151' title='bbox 434 2236 578 2318; x_wconf 77' lang='lat' dir='ltr'><strong>except.);</strong></span> <span class='ocrx_word' id='word_1_152' title='bbox 601 2241 630 2298; x_wconf 91' lang='lat' dir='ltr'><strong>et</strong></span> <span class='ocrx_word' id='word_1_153' title='bbox 644 2235 713 2298; x_wconf 89' lang='lat' dir='ltr'><strong>ideo</strong></span> <span class='ocrx_word' id='word_1_154' title='bbox 736 2233 872 2298; x_wconf 84' lang='lat' dir='ltr'><strong>Vicarius</strong></span> <span class='ocrx_word' id='word_1_155' title='bbox 887 2233 1026 2316; x_wconf 84' lang='lat' dir='ltr'><strong>Episcopi</strong></span> <span class='ocrx_word' id='word_1_156' title='bbox 1048 2250 1100 2294; x_wconf 85' lang='lat' dir='ltr'><strong>ex-</strong></span> 
     </span>
     <span class='ocr_line' id='line_1_23' title="bbox 129 2322 1100 2407; baseline -0.001 -22"><span class='ocrx_word' id='word_1_157' title='bbox 129 2322 343 2386; x_wconf 86' lang='lat' dir='ltr'><strong>communicati</strong></span> <span class='ocrx_word' id='word_1_158' title='bbox 357 2329 409 2386; x_wconf 86' lang='lat' dir='ltr'><strong>aut</strong></span> <span class='ocrx_word' id='word_1_159' title='bbox 422 2326 578 2407; x_wconf 60' lang='lat' dir='ltr'><strong>suspensi,</strong></span> <span class='ocrx_word' id='word_1_160' title='bbox 600 2343 663 2388; x_wconf 93' lang='lat' dir='ltr'><strong>non</strong></span> <span class='ocrx_word' id='word_1_161' title='bbox 684 2329 781 2407; x_wconf 89' lang='lat' dir='ltr'><strong>potest</strong></span> <span class='ocrx_word' id='word_1_162' title='bbox 794 2341 918 2406; x_wconf 88' lang='lat' dir='ltr'><strong>quoque</strong></span> <span class='ocrx_word' id='word_1_163' title='bbox 936 2322 1014 2386; x_wconf 79' lang='lat' dir='ltr'><strong>ferre</strong></span> <span class='ocrx_word' id='word_1_164' title='bbox 1027 2341 1100 2385; x_wconf 91' lang='lat' dir='ltr'><strong>cen-</strong></span> 
     </span>
     <span class='ocr_line' id='line_1_24' title="bbox 128 2414 816 2498; baseline 0.001 -23"><span class='ocrx_word' id='word_1_165' title='bbox 128 2431 230 2492; x_wconf 84' lang='lat' dir='ltr'><strong>suras,</strong></span> <span class='ocrx_word' id='word_1_166' title='bbox 246 2432 284 2476; x_wconf 87' lang='lat' dir='ltr'><strong>ex</strong></span> <span class='ocrx_word' id='word_1_167' title='bbox 298 2433 364 2496; x_wconf 84' lang='lat' dir='ltr'><strong>cap.</strong></span> <span class='ocrx_word' id='word_1_168' title='bbox 382 2418 411 2491; x_wconf 81' lang='lat' dir='ltr'><strong>i,</strong></span> <span class='ocrx_word' id='word_1_169' title='bbox 426 2414 570 2498; x_wconf 82' lang='lat' dir='ltr'><strong>deofficio</strong></span> <span class='ocrx_word' id='word_1_170' title='bbox 585 2415 711 2492; x_wconf 84' lang='lat' dir='ltr'><strong>vicarii,</strong></span> <span class='ocrx_word' id='word_1_171' title='bbox 727 2415 758 2477; x_wconf 92' lang='lat' dir='ltr'><strong>in</strong></span> <span class='ocrx_word' id='word_1_172' title='bbox 773 2419 816 2477; x_wconf 80' lang='lat'><strong>6⁰.</strong></span> 
     </span>
    </p>

    <p class='ocr_par' dir='ltr' id='par_1_10' title="bbox 125 2503 1104 3476">
     <span class='ocr_line' id='line_1_25' title="bbox 167 2503 1101 2588; baseline -0.002 -22"><span class='ocrx_word' id='word_1_173' title='bbox 167 2507 257 2568; x_wconf 81' lang='grc'><strong>6379.</strong></span> <span class='ocrx_word' id='word_1_174' title='bbox 280 2503 468 2586; x_wconf 78' lang='lat' dir='ltr'><strong>Reguiuriter</strong></span> <span class='ocrx_word' id='word_1_175' title='bbox 489 2505 654 2588; x_wconf 83' lang='lat' dir='ltr'><strong>Episcopus</strong></span> <span class='ocrx_word' id='word_1_176' title='bbox 675 2511 759 2566; x_wconf 85' lang='lat' dir='ltr'><strong>extro</strong></span> <span class='ocrx_word' id='word_1_177' title='bbox 772 2504 926 2586; x_wconf 80' lang='lat' dir='ltr'><strong>propriam</strong></span> <span class='ocrx_word' id='word_1_178' title='bbox 946 2503 1101 2568; x_wconf 78' lang='lat' dir='ltr'><strong>dioecesim</strong></span> 
     </span>
     <span class='ocr_line' id='line_1_26' title="bbox 125 2593 1102 2675; baseline -0.002 -19"><span class='ocrx_word' id='word_1_179' title='bbox 125 2593 257 2656; x_wconf 85' lang='lat' dir='ltr'><strong>existens</strong></span> <span class='ocrx_word' id='word_1_180' title='bbox 272 2611 334 2656; x_wconf 89' lang='lat' dir='ltr'><strong>non</strong></span> <span class='ocrx_word' id='word_1_181' title='bbox 349 2599 445 2674; x_wconf 79' lang='lat' dir='ltr'><strong>potest</strong></span> <span class='ocrx_word' id='word_1_182' title='bbox 459 2593 538 2656; x_wconf 81' lang='lat' dir='ltr'><strong>ferre</strong></span> <span class='ocrx_word' id='word_1_183' title='bbox 560 2611 704 2657; x_wconf 82' lang='lat' dir='ltr'><strong>censuras</strong></span> <span class='ocrx_word' id='word_1_184' title='bbox 717 2594 749 2655; x_wconf 91' lang='lat' dir='ltr'><strong>iu</strong></span> <span class='ocrx_word' id='word_1_185' title='bbox 764 2593 900 2656; x_wconf 91' lang='lat' dir='ltr'><strong>subditos</strong></span> <span class='ocrx_word' id='word_1_186' title='bbox 915 2611 969 2675; x_wconf 91' lang='lat' dir='ltr'><strong>per</strong></span> <span class='ocrx_word' id='word_1_187' title='bbox 982 2599 1102 2655; x_wconf 83' lang='lat' dir='ltr'><strong>senten·</strong></span> 
     </span>
     <span class='ocr_line' id='line_1_27' title="bbox 125 2681 1100 2766; baseline -0.001 -21"><span class='ocrx_word' id='word_1_188' title='bbox 125 2683 175 2746; x_wconf 83' lang='lat' dir='ltr'><strong>tiae</strong></span> <span class='ocrx_word' id='word_1_189' title='bbox 189 2682 315 2746; x_wconf 88' lang='lat' dir='ltr'><strong>modum</strong></span> <span class='ocrx_word' id='word_1_190' title='bbox 337 2681 415 2766; x_wconf 80' lang='lat' dir='ltr'><strong>(cop.</strong></span> <span class='ocrx_word' id='word_1_191' title='bbox 437 2683 580 2766; x_wconf 84' lang='lat' dir='ltr'><strong>Episcopi</strong></span> <span class='ocrx_word' id='word_1_192' title='bbox 603 2687 639 2757; x_wconf 84' lang='lat'><strong>9,</strong></span> <span class='ocrx_word' id='word_1_193' title='bbox 655 2701 687 2764; x_wconf 89' lang='lat' dir='ltr'><strong>q.</strong></span> <span class='ocrx_word' id='word_1_194' title='bbox 703 2687 746 2744; x_wconf 72' lang='lat'><strong>2:</strong></span> <span class='ocrx_word' id='word_1_195' title='bbox 771 2683 917 2745; x_wconf 83' lang='lat' dir='ltr'><strong>Glenrant.</strong></span> <span class='ocrx_word' id='word_1_196' title='bbox 943 2681 1100 2759; x_wconf 59' lang='lat' dir='ltr'><strong>(truncis,</strong></span> 
     </span>
     <span class='ocr_line' id='line_1_28' title="bbox 125 2771 1100 2856; baseline 0 -20"><span class='ocrx_word' id='word_1_197' title='bbox 125 2773 161 2836; x_wconf 83' lang='lat' dir='ltr'><strong>de</strong></span> <span class='ocrx_word' id='word_1_198' title='bbox 172 2774 237 2854; x_wconf 77' lang='lat' dir='ltr'><strong>faro</strong></span> <span class='ocrx_word' id='word_1_199' title='bbox 251 2774 396 2854; x_wconf 80' lang='lat' dir='ltr'><strong>compet.),·</strong></span> <span class='ocrx_word' id='word_1_200' title='bbox 406 2771 459 2836; x_wconf 90' lang='lat' dir='ltr'><strong>sed</strong></span> <span class='ocrx_word' id='word_1_201' title='bbox 473 2779 571 2855; x_wconf 90' lang='lat' dir='ltr'><strong>potest</strong></span> <span class='ocrx_word' id='word_1_202' title='bbox 580 2791 634 2856; x_wconf 88' lang='lat' dir='ltr'><strong>per</strong></span> <span class='ocrx_word' id='word_1_203' title='bbox 647 2771 773 2836; x_wconf 88' lang='lat' dir='ltr'><strong>modum</strong></span> <span class='ocrx_word' id='word_1_204' title='bbox 784 2773 925 2855; x_wconf 77' lang='lat' dir='ltr'><strong>praecepti</strong></span> <span class='ocrx_word' id='word_1_205' title='bbox 937 2779 989 2836; x_wconf 84' lang='lat' dir='ltr'><strong>eut</strong></span> <span class='ocrx_word' id='word_1_206' title='bbox 1002 2775 1100 2836; x_wconf 83' lang='lat' dir='ltr'><strong>statuti</strong></span> 
     </span>
     <span class='ocr_line' id='line_1_29' title="bbox 125 2861 1099 2946; baseline -0.003 -20"><span class='ocrx_word' id='word_1_207' title='bbox 125 2863 165 2926; x_wconf 83' lang='lat' dir='ltr'><strong>ad</strong></span> <span class='ocrx_word' id='word_1_208' title='bbox 187 2863 288 2926; x_wconf 82' lang='lat' dir='ltr'><strong>sutura</strong></span> <span class='ocrx_word' id='word_1_209' title='bbox 308 2863 436 2925; x_wconf 82' lang='lat' dir='ltr'><strong>orirnine</strong></span> <span class='ocrx_word' id='word_1_210' title='bbox 458 2863 665 2945; x_wconf 85' lang='lat' dir='ltr'><strong>praecuvenda.</strong></span> <span class='ocrx_word' id='word_1_211' title='bbox 681 2897 720 2909; x_wconf 94' lang='lat'><em>-</em></span> <span class='ocrx_word' id='word_1_212' title='bbox 741 2863 880 2926; x_wconf 87' lang='lat' dir='ltr'><strong>Diximus</strong></span> <span class='ocrx_word' id='word_1_213' title='bbox 902 2861 1099 2946; x_wconf 61' lang='lat' dir='ltr'><strong>regulariter,</strong></span> 
     </span>
     <span class='ocr_line' id='line_1_30' title="bbox 125 2950 1103 3035; baseline -0.002 -21"><span class='ocrx_word' id='word_1_214' title='bbox 125 2953 198 3034; x_wconf 84' lang='lat' dir='ltr'><strong>quia</strong></span> <span class='ocrx_word' id='word_1_215' title='bbox 212 2969 299 3015; x_wconf 86' lang='lat' dir='ltr'><strong>casus</strong></span> <span class='ocrx_word' id='word_1_216' title='bbox 313 2959 474 3035; x_wconf 84' lang='lat' dir='ltr'><strong>sequentes</strong></span> <span class='ocrx_word' id='word_1_217' title='bbox 489 2961 558 3016; x_wconf 88' lang='lat' dir='ltr'><strong>sunt</strong></span> <span class='ocrx_word' id='word_1_218' title='bbox 572 2950 741 3035; x_wconf 83' lang='lat' dir='ltr'><strong>excipiendi</strong></span> <span class='ocrx_word' id='word_1_219' title='bbox 757 2971 765 3014; x_wconf 74' lang='grc' dir='ltr'><em>τ</em></span> <span class='ocrx_word' id='word_1_220' title='bbox 782 2953 812 3015; x_wconf 77' lang='lat'><strong>1⁰</strong></span> <span class='ocrx_word' id='word_1_221' title='bbox 826 2953 851 3015; x_wconf 87' lang='lat' dir='ltr'><strong>si</strong></span> <span class='ocrx_word' id='word_1_222' title='bbox 865 2954 1055 3016; x_wconf 85' lang='lat' dir='ltr'><strong>contumacia</strong></span> <span class='ocrx_word' id='word_1_223' title='bbox 1065 2951 1103 3012; x_wconf 90' lang='lat' dir='ltr'><strong>sit</strong></span> 
     </span>
     <span class='ocr_line' id='line_1_31' title="bbox 126 3040 1099 3124; baseline -0.002 -22"><span class='ocrx_word' id='word_1_224' title='bbox 126 3047 189 3102; x_wconf 79' lang='lat' dir='ltr'><strong>torn</strong></span> <span class='ocrx_word' id='word_1_225' title='bbox 212 3041 370 3105; x_wconf 77' lang='lat' dir='ltr'><strong>manifesto</strong></span> <span class='ocrx_word' id='word_1_226' title='bbox 399 3047 433 3105; x_wconf 87' lang='lat' dir='ltr'><strong>ut</strong></span> <span class='ocrx_word' id='word_1_227' title='bbox 458 3061 519 3104; x_wconf 93' lang='lat' dir='ltr'><strong>non</strong></span> <span class='ocrx_word' id='word_1_228' title='bbox 544 3040 676 3122; x_wconf 82' lang='lat' dir='ltr'><strong>indigeat</strong></span> <span class='ocrx_word' id='word_1_229' title='bbox 705 3041 878 3124; x_wconf 83' lang='lat' dir='ltr'><strong>cognitione</strong></span> <span class='ocrx_word' id='word_1_230' title='bbox 901 3060 999 3105; x_wconf 82' lang='lat' dir='ltr'><strong>causae</strong></span> <span class='ocrx_word' id='word_1_231' title='bbox 1023 3043 1099 3120; x_wconf 80' lang='lat' dir='ltr'><strong>(cop.</strong></span> 
     </span>
     <span class='ocr_line' id='line_1_32' title="bbox 128 3127 1104 3213; baseline 0.002 -25"><span class='ocrx_word' id='word_1_232' title='bbox 128 3127 288 3210; x_wconf 76' lang='lat' dir='ltr'><strong>Manifesta</strong></span> <span class='ocrx_word' id='word_1_233' title='bbox 302 3137 338 3204; x_wconf 76' lang='lat'><strong>2,</strong></span> <span class='ocrx_word' id='word_1_234' title='bbox 353 3151 385 3213; x_wconf 92' lang='lat' dir='ltr'><strong>q.</strong></span> <span class='ocrx_word' id='word_1_235' title='bbox 402 3131 454 3211; x_wconf 84' lang='lat' dir='ltr'><strong>t);</strong></span> <span class='ocrx_word' id='word_1_236' title='bbox 471 3135 503 3193; x_wconf 74' lang='lat'><strong>2⁰</strong></span> <span class='ocrx_word' id='word_1_237' title='bbox 517 3131 542 3194; x_wconf 94' lang='lat' dir='ltr'><strong>si</strong></span> <span class='ocrx_word' id='word_1_238' title='bbox 556 3149 647 3194; x_wconf 82' lang='lat' dir='ltr'><strong>causa</strong></span> <span class='ocrx_word' id='word_1_239' title='bbox 662 3131 702 3193; x_wconf 92' lang='lat' dir='ltr'><strong>sit</strong></span> <span class='ocrx_word' id='word_1_240' title='bbox 712 3133 775 3212; x_wconf 84' lang='lat' dir='ltr'><strong>jam</strong></span> <span class='ocrx_word' id='word_1_241' title='bbox 798 3131 919 3212; x_wconf 79' lang='lat' dir='ltr'><strong>cognita</strong></span> <span class='ocrx_word' id='word_1_242' title='bbox 932 3131 964 3192; x_wconf 94' lang='lat' dir='ltr'><strong>in</strong></span> <span class='ocrx_word' id='word_1_243' title='bbox 981 3127 1104 3210; x_wconf 82' lang='lat' dir='ltr'><strong>proprio</strong></span> 
     </span>
     <span class='ocr_line' id='line_1_33' title="bbox 128 3217 1102 3303; baseline 0 -25"><span class='ocrx_word' id='word_1_244' title='bbox 128 3218 297 3294; x_wconf 82' lang='lat' dir='ltr'><strong>territori03</strong></span> <span class='ocrx_word' id='word_1_245' title='bbox 316 3223 347 3281; x_wconf 82' lang='lat'><strong>3⁰</strong></span> <span class='ocrx_word' id='word_1_246' title='bbox 360 3220 385 3282; x_wconf 95' lang='lat' dir='ltr'><strong>si</strong></span> <span class='ocrx_word' id='word_1_247' title='bbox 398 3221 567 3303; x_wconf 89' lang='lat' dir='ltr'><strong>Episcopus</strong></span> <span class='ocrx_word' id='word_1_248' title='bbox 581 3221 620 3282; x_wconf 92' lang='lat' dir='ltr'><strong>sit</strong></span> <span class='ocrx_word' id='word_1_249' title='bbox 639 3221 749 3301; x_wconf 72' lang='lat' dir='ltr'><strong>injuste</strong></span> <span class='ocrx_word' id='word_1_250' title='bbox 766 3221 910 3302; x_wconf 84' lang='lat' dir='ltr'><strong>expulsus</strong></span> <span class='ocrx_word' id='word_1_251' title='bbox 923 3221 941 3282; x_wconf 77' lang='lat' dir='ltr'><strong>d</strong></span> <span class='ocrx_word' id='word_1_252' title='bbox 959 3221 1013 3282; x_wconf 78' lang='lat' dir='ltr'><strong>sud</strong></span> <span class='ocrx_word' id='word_1_253' title='bbox 1026 3217 1102 3278; x_wconf 84' lang='lat' dir='ltr'><strong>dioe-</strong></span> 
     </span>
     <span class='ocr_line' id='line_1_34' title="bbox 125 3305 1102 3392; baseline -0.002 -22"><span class='ocrx_word' id='word_1_254' title='bbox 125 3305 188 3372; x_wconf 86' lang='lat' dir='ltr'><strong>cesi</strong></span> <span class='ocrx_word' id='word_1_255' title='bbox 201 3355 210 3386; x_wconf 90' lang='lat'>‚</span> <span class='ocrx_word' id='word_1_256' title='bbox 225 3306 278 3370; x_wconf 91' lang='lat' dir='ltr'><strong>sed</strong></span> <span class='ocrx_word' id='word_1_257' title='bbox 298 3312 371 3371; x_wconf 87' lang='lat' dir='ltr'><strong>tunc</strong></span> <span class='ocrx_word' id='word_1_258' title='bbox 383 3311 444 3392; x_wconf 87' lang='lat' dir='ltr'><strong>peti</strong></span> <span class='ocrx_word' id='word_1_259' title='bbox 458 3309 547 3372; x_wconf 88' lang='lat' dir='ltr'><strong>debet</strong></span> <span class='ocrx_word' id='word_1_260' title='bbox 565 3310 685 3372; x_wconf 85' lang='lat' dir='ltr'><strong>licentia</strong></span> <span class='ocrx_word' id='word_1_261' title='bbox 705 3310 744 3372; x_wconf 80' lang='lat' dir='ltr'><strong>ab</strong></span> <span class='ocrx_word' id='word_1_262' title='bbox 761 3309 939 3385; x_wconf 77' lang='lat' dir='ltr'><strong>ordinario,</strong></span> <span class='ocrx_word' id='word_1_263' title='bbox 959 3307 1028 3368; x_wconf 87' lang='lat' dir='ltr'><strong>licet</strong></span> <span class='ocrx_word' id='word_1_264' title='bbox 1042 3324 1102 3368; x_wconf 91' lang='lat' dir='ltr'><strong>non</strong></span> 
     </span>
     <span class='ocr_line' id='line_1_35' title="bbox 125 3396 1104 3476; baseline -0.003 -15"><span class='ocrx_word' id='word_1_265' title='bbox 125 3396 316 3462; x_wconf 83' lang='lat' dir='ltr'><strong>obtineatur:</strong></span> <span class='ocrx_word' id='word_1_266' title='bbox 331 3397 476 3463; x_wconf 78' lang='lat' dir='ltr'><strong>clement.</strong></span> <span class='ocrx_word' id='word_1_267' title='bbox 492 3399 629 3476; x_wconf 82' lang='lat' dir='ltr'><strong>Quamuis</strong></span> <span class='ocrx_word' id='word_1_268' title='bbox 638 3399 730 3462; x_wconf 87' lang='lat' dir='ltr'><strong>modd</strong></span> <span class='ocrx_word' id='word_1_269' title='bbox 740 3399 843 3475; x_wconf 75' lang='lat' dir='ltr'><strong>citatd3</strong></span> <span class='ocrx_word' id='word_1_270' title='bbox 856 3399 888 3459; x_wconf 69' lang='lat'><strong>4⁰</strong></span> <span class='ocrx_word' id='word_1_271' title='bbox 895 3397 920 3458; x_wconf 89' lang='lat' dir='ltr'><strong>si</strong></span> <span class='ocrx_word' id='word_1_272' title='bbox 930 3396 1104 3459; x_wconf 85' lang='lat' dir='ltr'><strong>Ordiuarius</strong></span> 
     </span>
    </p>
   </div>
   <div class='ocr_carea' id='block_1_6' title="bbox 124 3551 1106 3834">
    <p class='ocr_par' dir='ltr' id='par_1_11' title="bbox 124 3551 1106 3834">
     <span class='ocr_line' id='line_1_36' title="bbox 158 3551 1105 3623; baseline 0 -19"><span class='ocrx_word' id='word_1_273' title='bbox 158 3553 167 3582; x_wconf 82' lang='lat'>¹</span> <span class='ocrx_word' id='word_1_274' title='bbox 183 3551 235 3605; x_wconf 86' lang='lat' dir='ltr'><strong>lmd</strong></span> <span class='ocrx_word' id='word_1_275' title='bbox 247 3553 348 3622; x_wconf 79' lang='lat' dir='ltr'><strong>quidem</strong></span> <span class='ocrx_word' id='word_1_276' title='bbox 361 3554 412 3608; x_wconf 83' lang='lat' dir='ltr'><strong>DI).</strong></span> <span class='ocrx_word' id='word_1_277' title='bbox 424 3554 512 3608; x_wconf 85' lang='lat' dir='ltr'><strong>dicunt</strong></span> <span class='ocrx_word' id='word_1_278' title='bbox 522 3556 590 3623; x_wconf 79' lang='lat' dir='ltr'><strong>quod</strong></span> <span class='ocrx_word' id='word_1_279' title='bbox 602 3555 739 3621; x_wconf 84' lang='lat' dir='ltr'><strong>Episcopus</strong></span> <span class='ocrx_word' id='word_1_280' title='bbox 755 3556 862 3621; x_wconf 81' lang='lat' dir='ltr'><strong>nequeat</strong></span> <span class='ocrx_word' id='word_1_281' title='bbox 873 3551 956 3606; x_wconf 76' lang='lat' dir='ltr'><strong>validi</strong></span> <span class='ocrx_word' id='word_1_282' title='bbox 967 3553 1032 3605; x_wconf 81' lang='lat' dir='ltr'><strong>serre</strong></span> <span class='ocrx_word' id='word_1_283' title='bbox 1043 3569 1105 3605; x_wconf 86' lang='lat' dir='ltr'><strong>con-</strong></span> 
     </span>
     <span class='ocr_line' id='line_1_37' title="bbox 124 3625 1106 3692; baseline -0.004 -12"><span class='ocrx_word' id='word_1_284' title='bbox 124 3641 196 3680; x_wconf 74' lang='lat' dir='ltr'><strong>suras</strong></span> <span class='ocrx_word' id='word_1_285' title='bbox 212 3625 233 3677; x_wconf 85' lang='lat' dir='ltr'><strong>si</strong></span> <span class='ocrx_word' id='word_1_286' title='bbox 252 3626 284 3678; x_wconf 79' lang='lat' dir='ltr'><strong>sit</strong></span> <span class='ocrx_word' id='word_1_287' title='bbox 294 3626 393 3680; x_wconf 70' lang='lat' dir='ltr'><strong>notorii</strong></span> <span class='ocrx_word' id='word_1_288' title='bbox 409 3626 649 3688; x_wconf 81' lang='lat' dir='ltr'><strong>excommunicatus,</strong></span> <span class='ocrx_word' id='word_1_289' title='bbox 663 3641 813 3692; x_wconf 88' lang='lat' dir='ltr'><strong>suspensus,</strong></span> <span class='ocrx_word' id='word_1_290' title='bbox 827 3631 886 3688; x_wconf 82' lang='lat' dir='ltr'><strong>etc,</strong></span> <span class='ocrx_word' id='word_1_291' title='bbox 899 3625 995 3677; x_wconf 78' lang='lat' dir='ltr'><strong>etiamsi</strong></span> <span class='ocrx_word' id='word_1_292' title='bbox 1012 3627 1106 3676; x_wconf 88' lang='lat' dir='ltr'><strong>nonsit</strong></span> 
     </span>
     <span class='ocr_line' id='line_1_38' title="bbox 125 3697 1077 3834; baseline -0.006 -82"><span class='ocrx_word' id='word_1_293' title='bbox 125 3698 331 3834; x_wconf 41' lang='lat' dir='ltr'><strong>Sceptffltpapusissi</strong></span> <span class='ocrx_word' id='word_1_294' title='bbox 342 3697 454 3763; x_wconf 63' lang='lat' dir='ltr'><strong>Hauon..</strong></span> <span class='ocrx_word' id='word_1_295' title='bbox 467 3698 509 3748; x_wconf 88' lang='lat' dir='ltr'><strong>lib.</strong></span> <span class='ocrx_word' id='word_1_296' title='bbox 519 3697 542 3760; x_wconf 71' lang='lat'><strong>&#39;¹5</strong></span> <span class='ocrx_word' id='word_1_297' title='bbox 551 3710 581 3747; x_wconf 68' lang='lat' dir='ltr'><strong>nt</strong></span> <span class='ocrx_word' id='word_1_298' title='bbox 591 3699 629 3758; x_wconf 77' lang='lat'><strong>12,</strong></span> <span class='ocrx_word' id='word_1_299' title='bbox 637 3697 749 3764; x_wconf 81' lang='lat' dir='ltr'><strong>requirit.</strong></span> <span class='ocrx_word' id='word_1_300' title='bbox 758 3699 810 3764; x_wconf 80' lang='lat'><strong>5⁰);</strong></span> <span class='ocrx_word' id='word_1_301' title='bbox 823 3697 950 3760; x_wconf 80' lang='lat' dir='ltr'><strong>Strcmler,</strong></span> <span class='ocrx_word' id='word_1_302' title='bbox 962 3698 1009 3748; x_wconf 79' lang='lat' dir='ltr'><strong>Dee</strong></span> <span class='ocrx_word' id='word_1_303' title='bbox 1018 3697 1077 3748; x_wconf 84' lang='lat' dir='ltr'><strong>Pcin</strong></span> 
     </span>
    </p>
   </div>
   <div class='ocr_carea' id='block_1_7' title="bbox 0 0 1278 3988">
    <p class='ocr_par' dir='ltr' id='par_1_12' title="bbox 0 0 1278 3988">
     <span class='ocr_line' id='line_1_39' title="bbox 0 0 1278 3988; baseline 0 0"><span class='ocrx_word' id='word_1_304' title='bbox 0 0 1278 3988; x_wconf 95' lang='lat' dir='ltr'><strong> </strong></span> 
     </span>
    </p>
   </div>
  </div>
 </body>
</html>
