2548 3988
190 297 247 358 372
409 315 545 362 urrunnun
566 317 667 365 vorrus
686 319 769 368 tutus
787 319 933 370 cruorum,

227 413 317 473 6561.
330 409 410 474 Noto
422 411 530 474 uttimd
542 415 696 478 neminem
713 417 809 478 teneri
823 417 861 478 ad
872 418 1027 484 vitandum
1042 433 1158 488 excom·
1242 446 1243 518 p

189 499 392 576 munientem,
403 501 460 562 nisi
475 503 628 566 moraliter
636 503 664 566 ei
678 509 796 567 constet
809 504 894 568 ilium
908 526 973 571 esse
986 511 1158 591 vitandum,
1242 523 1243 590 t

187 586 224 648 ad
237 589 338 652 minus
349 607 402 670 per
416 591 567 670 publicam
581 593 708 670 famam,
718 593 765 656 vet
775 613 829 675 per
839 595 1044 662 testimonium
1054 601 1159 665 saitem

186 674 319 739 duorum
332 677 391 740 tide
405 679 579 760 dignorum.
596 683 630 742 ln
647 681 741 744 dubio
754 689 856 746 tamen
871 703 932 747 non
947 687 1049 750 liceret
1062 693 1159 754 susci-
1242 691 1243 768 i

186 783 258 846 pero
272 765 310 827 ab
322 769 583 832 excommunicato
598 777 821 832 sacramentum
837 773 1023 839 Paenitentiae
1035 789 1160 862 propter
1243 832 1244 888 p

185 853 355 935 perieulum
376 856 450 920 iilud
469 856 595 920 invalide
616 857 793 940 recipiendi.
817 861 860 940 (S.
883 863 1021 946 Liguon,
1043 865 1098 931 lib.
1122 875 1158 946 Ἰ,
1243 899 1244 952 3

186 951 220 1003 n⁰
231 947 315 1023 207.)
329 944 405 1008 Vide
418 945 497 1008 dicta
511 964 601 1028 supra
612 946 724 1026 (6507).
1243 985 1244 1054 p

224 1067 314 1125 6562.
332 1065 453 1136 Quaerit.
469 1067 500 1128 7⁰
512 1068 659 1139 Quaenam
672 1067 732 1130 sint
750 1073 1079 1140 excommunicationes
1096 1097 1160 1143 ma·
1243 1067 1244 1140 Ϊ

179 1150 263 1244 jeros
280 1154 296 1212 b
309 1153 377 1230 jure
387 1153 474 1215 tataet

232 1273 322 1350 Resp.
347 1265 602 1332 Permultasotim
624 1266 731 1341 ruisse,
754 1279 885 1347 quarum
903 1263 970 1328 atie
989 1263 1079 1342 nulli,
1094 1265 1164 1331 aliae

191 1359 354 1440 Episcopo,
376 1355 443 1418 atiae
457 1355 585 1416 Summo
599 1352 750 1429 Pontifici,
764 1354 828 1416 sive
849 1371 903 1436 per
916 1353 1036 1417 Bullam
1053 1356 1164 1435 Coenoe,
1244 1369 1245 1388 ¹

191 1448 253 1510 sivo
284 1463 338 1528 per
365 1445 438 1508 alias
468 1441 703 1506 constitutiones
735 1443 971 1508 reservabantur.
1005 1445 1166 1528 Pleraeque

190 1552 298 1598 earum
312 1541 383 1598 sunt
402 1535 516 1615 aPcpa
529 1533 584 1594 Pio
596 1533 636 1594 tx
658 1549 839 1614 suppressae,
860 1539 893 1595 ut
914 1533 1028 1615 pluries
1049 1537 1165 1617 passim

191 1624 223 1687 in
245 1624 376 1688 decursu
389 1623 490 1704 operis
510 1620 658 1696 diximus,
674 1639 728 1703 per
748 1620 872 1686 constit.
889 1624 1062 1706 Aprutoir'coe
1075 1626 1165 1689 Sedis

189 1711 456 1776 videsomnis
480 1715 567 1776 1869.
590 1713 659 1776 Jam
683 1730 791 1774 omnes
805 1714 835 1775 S.
857 1711 926 1776 Sedi
941 1713 1164 1780 ve10rdinario
1245 1765 1246 1772 ,

191 1808 355 1866 reservatos
374 1802 620 1866 enumeravimus
641 1801 859 1884 (t635·1652);
878 1810 1040 1884 supersunt
1062 1803 1168 1870 adbuc

192 1902 354 1973 sequentes
368 1891 484 1954 nemini
499 1898 656 1954 reservatae
678 1911 685 1953 :

230 1986 319 2046 6663.
342 1981 683 2046 «Excommunicrrtioni
698 1979 766 2045 latre
776 1981 933 2045 sententie
943 1980 1058 2044 nemini
1067 2001 1168 2050 reser-

197 2095 212 2130 a
237 2080 311 2136 vatre
320 2071 476 2152 subjacere
489 2070 692 2149 declaramus,
701 2071 800 2152 inquit
809 2069 881 2134 Pius
891 2071 932 2136 tx
942 2071 974 2134 in
986 2071 1065 2136 diota
1079 2071 1179 2138 Cona-
1246 2091 1247 2172 p

191 2161 395 2225 »titutioner
1246 2191 1247 2204 ,

229 2379 246 2418 ι
270 2353 446 2419 Mandantes
458 2372 512 2419 sau
523 2359 667 2436 cogentes
676 2353 886 2421 ecclesiastice
896 2355 1058 2440 sepulture
1069 2357 1167 2426 here·

191 2471 206 2508 o
229 2449 306 2512 ticos
319 2445 500 2512 notorienut
513 2445 694 2510 nominatim
706 2448 985 2512 excommunicatos
997 2447 1048 2514 vel
1062 2448 1164 2515 intern

191 2564 205 2602 a
230 2540 335 2604 dictos.

655 2633 694 2699 11.

228 2759 245 2798 a
269 2735 425 2800 Laedentes
447 2739 499 2799 aut
512 2732 790 2817 perterrefaciontes
808 2731 1024 2816 inquisitores,
1039 2733 1156 2802 denun·

189 2853 204 2888 ι
229 2829 349 2901 tientes,
364 2830 466 2902 testes,
483 2822 595 2888 aliosve
610 2824 765 2887 ministros
778 2825 810 2888 S.
834 2822 942 2900 Officii,
958 2823 1060 2905 ejusve
1075 2828 1160 2892 Sacri

181 2939 204 2978 s
227 2913 397 2980 Tribunalis
417 2911 580 2994 scripturas
593 2913 780 2994 diripientes,
799 2921 852 2977 aut
871 2912 1097 2995 comburentes,
1113 2911 1159 2980 vel

189 3031 204 3069 r
228 3003 380 3089 prodieris
393 3001 576 3086 quibuslibet
589 3003 753 3078 auxilium,
768 3003 901 3067 favorem
916 3011 1103 3086 praeeuntes.

647 3107 698 3171 111.

226 3231 242 3270 a
268 3202 1153 3287 utienanveaaueotperepresumenusbonaeoctestautor,

188 3323 202 3360 ι
228 3297 343 3378 absque
355 3295 535 3377 beneplacito
553 3294 726 3374 apostolico,
747 3293 785 3356 ad
806 3293 935 3356 formem
949 3297 1159 3378 Extravagan·

187 3407 202 3446 ι
227 3389 266 3449 tis
280 3385 462 3460 Ambitione,
475 3381 511 3445 de
524 3381 608 3444 rebus
620 3382 718 3444 eccles.
735 3401 795 3444 non
807 3382 987 3448 alienandis.

225 3601 242 3641 a
265 3581 471 3662 uegttgenaen
496 3579 557 3644 sive
578 3481 771 3661 euipdrviriliter
790 3559 965 3646 omittentes
976 3582 1160 3650 denuntiare

187 3689 204 3730 o
226 3666 310 3729 intra
327 3685 477 3744 mensem,
495 3667 707 3746 confessarios,
729 3669 791 3733 aive
813 3670 1025 3750 sacerdotem
1044 3673 1158 3755 quibus
