2548 4002
320 237 376 290 lid?
823 241 872 293 484
1041 239 1086 288 503

107 343 237 405 toranius,
259 343 329 396 3180.
347 347 383 396 dn
402 341 538 410 baptismus
555 340 676 402 sit'murn
706 349 817 416 privatius
848 349 916 402 domi
950 350 1068 401 collatum

106 424 230 475 iterandus
267 427 401 476 infantibus
439 423 555 492 expositis
579 463 585 485 ,
609 431 678 484 3186,

105 507 175 560 3183.
193 510 228 558 dn
246 508 278 559 sit
293 508 420 560 iterandus
436 507 528 558 adultis
543 504 586 574 qui
639 515 785 568 lunensem.
802 541 834 554 —
845 515 881 564 hn
898 519 924 566 et
941 515 1088 581 quatenusl

107 587 200 638 nullum
213 587 383 639 testimonium
392 587 485 638 nabent
497 585 586 652 baptis·
607 592 703 660 jejunio
715 591 923 658 excusatquando
936 591 964 642 lit
975 591 1089 658 pedibus,

105 667 138 719 nri
151 669 261 735 accepti,
280 667 350 719 3483.
364 669 400 718 An
420 667 542 719 consessio
555 633 679 724 siti5016,
701 673 737 724 An
758 677 783 723 et
804 679 926 739 quatenus
948 678 1049 724 excuset
1069 672 1089 722 si

106 747 274 818 premittenda
294 743 394 814 quando
423 748 523 798 adultus
546 715 652 803 rainer
676 767 740 820 equo
763 751 801 802 rel
826 752 920 813 rhodi,
947 751 1018 802 5011.
1054 756 1089 800 dn

106 831 256 898 baptizatur,
274 829 394 880 3184414
415 829 447 879 sit
466 827 587 880 reiteran·
610 829 744 896 assumptio
763 827 926 880 itinerationis
943 827 972 879 ad
986 828 1089 879 liornam

106 915 151 964 dus
164 910 320 977 baptismnsd
333 909 586 962 Protestanhhuscol·
609 908 685 959 veluti
708 907 839 976 appellatio
873 907 952 976 possit
977 905 1089 968 heberi,

107 993 187 1055 latus,
201 991 270 1043 3185.
289 989 353 1050 Ouid
367 989 480 1040 statuerit
491 989 585 1041 Concil.
609 989 680 1040 5981.

105 1073 276 1126 Areniouensa
303 1071 366 1122 1843
394 1069 458 1122 circa
491 1069 586 1136 baptis·

590 1282 606 1340 4

138 1481 262 1533 tiramus
274 1481 402 1546 denegarit
413 1477 528 1530 Ecclesiae
541 1491 587 1543 po·
611 1477 735 1543 agendum
766 1479 865 1545 quando
887 1477 1016 1544 horologia
1040 1493 1091 1530 non

108 1569 218 1614 testatem
230 1561 374 1627 judicandi,
387 1561 457 1610 5433.
612 1561 854 1620 εοηεοτᾱεη4,3183.
866 1561 1092 1612 incommunicare

139 1643 299 1691 lasscxrsrm.
319 1669 350 1677 -
379 1639 441 1698 uuio
468 1639 589 1690 senserint
611 1649 684 1706 queat
697 1641 739 1707 qsri
756 1643 837 1693 cibum
851 1644 956 1710 deglutit
973 1652 1028 1710 post
1040 1645 1092 1710 pu'-

109 1721 172 1771 cirra
188 1721 266 1768 lentes
277 1717 339 1784 juris
353 1717 465 1767 canonici
474 1725 498 1766 et
510 1724 589 1784 poles·
613 1735 678 1768 mum
690 1721 764 1769 ictum
774 1723 860 1772 medias
873 1723 966 1784 noctis,
980 1723 1023 1775 sed
1036 1731 1092 1776 anta

110 1807 183 1852 tatem
205 1797 365 1866 legislativum
379 1795 504 1858 Ecclesia,
517 1797 556 1848 ta.
612 1799 742 1861 ultimum,
755 1801 826 1854 3483.
838 1807 873 1853 dn
886 1821 943 1856 vero
955 1807 1093 1856 nonmariio

140 1878 262 1932 lusurus.
270 1909 301 1918 —
311 1881 345 1931 De
356 1883 477 1945 potestate
490 1875 588 1945 parochi
599 1889 602 1910 ¹
612 1883 644 1930 sit
654 1881 805 1932 obseruanda
816 1883 853 1934 rel
862 1885 941 1936 solium
949 1889 1030 1938 medio
1042 1902 1093 1937 aas

109 1965 267 2034 dispensandi
288 1963 352 2014 sciron
370 1961 506 2030 jejunium,
518 1959 588 2013 ttat.
614 1965 728 2029 temporis
745 1963 830 2023 medii,
844 1965 913 2016 3464.
928 1965 1031 2025 Quina'm
1045 1969 1094 2017 sint

108 2047 145 2098 du
169 2051 192 2095 ct
212 2059 241 2094 cx
258 2059 307 2109 quo
329 2043 385 2110 jure
404 2039 590 2090 communicans
601 2022 604 2082 i
614 2059 686 2095 casus
698 2043 833 2108 excipiendi
847 2043 859 2095 ir
873 2043 928 2112 lege
939 2047 1026 2112 jejunii
1037 2055 1094 2098 nrrta

111 2125 261 2178 debcatesse
270 2125 419 2190 jejunus‚et
431 2138 461 2172 an
472 2122 535 2172 sitin
544 2121 591 2172 hoo
615 2125 830 2186 communionem,
847 2125 995 2176 3155-3489.
1013 2129 1048 2175 dn
1067 2125 1095 2175 li·

112 2208 218 2258 materiae
248 2207 348 2266 levitas,
372 2205 442 2255 3450.
466 2187 670 2264 duarenuslceat
692 2206 783 2273 pluries
813 2206 951 2257 ministrare
973 2207 1092 2256 Viatirnm

111 2290 237 2354 frangatur
252 2287 372 2354 jejunium
391 2285 420 2336 ad
434 2287 589 2336 communio·
603 2265 713 2339 linfirmo
727 2301 775 2338 non
787 2287 882 2355 jejuno,
896 2287 1014 2338 3488114
1028 2287 1094 2337 intir-

113 2383 168 2418 nent
180 2367 340 2433 requisitum,
352 2365 421 2415 3451.
435 2365 470 2414 lln
481 2365 593 2430 frangant
604 2395 606 2407 ·
618 2381 671 2418 mus
684 2383 733 2420 non
750 2368 850 2434 jejunus
864 2369 940 2434 possit
952 2369 1094 2419 communi-

112 2447 230 2515 jejunium
244 2463 271 2497 ea
289 2462 343 2511 qne
356 2461 405 2494 non
419 2452 550 2494 sumuntur
561 2445 591 2494 ab
617 2463 672 2499 care
691 2449 712 2498 si
736 2449 807 2500 tacite
827 2450 866 2500 oie
889 2449 993 2500 crastini
1013 2455 1094 2514 posset

113 2529 259 2585 extrinseco.
273 2527 344 2578 3453.
357 2527 392 2576 ln
413 2523 540 2590 frangatur
551 2541 593 2590 per
604 2500 715 2596 ijeJunus
743 2530 942 2580 communionem
967 2529 1093 2595 recipere,

115 2610 283 2678 deglutionem
301 2607 460 2674 reliquiarum
480 2606 592 2656 ciborum
616 2611 687 2662 3431.
699 2612 735 2660 dn
755 2611 827 2661 liceat
838 2611 896 2662 dare
908 2610 1058 2662 ablutionem
1072 2612 1095 2661 ei

115 2707 139 2741 rn
152 2705 194 2741 ore
208 2697 262 2755 post
278 2687 389 2744 ultimant
402 2701 497 2738 coenflm
511 2702 593 2738 rema·
617 2691 659 2757 qui
675 2691 780 2742 hostiam
802 2691 888 2759 nequit
913 2691 984 2743 iacild
1006 2692 1096 2759 deglu·

115 2771 240 2833 neniiuttl,
261 2770 333 2821 3453.
351 2769 387 2820 ian
405 2769 531 2835 frangatur
550 2783 594 2836 per
617 2773 672 2831 tire,
692 2773 808 2824 34711411
826 2773 839 2824 d
857 2789 906 2824 non
922 2773 1006 2842 jejuno
1019 2775 1097 2840 possit

115 2855 225 2924 guttulas
241 2867 311 2920 aqua
324 2851 406 2903 solive
419 2851 541 2901 immixtas
553 2847 681 2905 autlsurni
698 2854 849 2906 Eucharistia
871 2855 892 2908 si
912 2856 944 2907 sit
961 2857 1095 2923 perieulum

116 2955 160 3006 per
180 2937 306 3004 jusculum
329 2935 500 3001 degustatum,
524 2933 593 2983 3454.
619 2934 685 3000 qudd
708 2942 791 3000 pereat
818 2941 861 2985 aut
883 2935 946 2986 mali
970 2942 1096 2998 tractetur,

37 3037 43 3048 ·
117 3023 153 3071 dn
166 3016 344 3082 frangeretnrsi
356 3015 412 3082 quis
423 3019 478 3080 post
491 3013 595 3063 suediam
620 3014 690 3066 3468.
709 3015 745 3064 dn
761 3021 787 3065 et
802 3021 924 3080 quatenns
934 3016 966 3065 sit
980 3015 1096 3082 jejunan-

118 3107 215 3150 noctem
235 3097 381 3162 deglutisset
398 3095 543 3146 saccharum
560 3094 597 3144 ori
621 3096 679 3145 dum
692 3095 769 3161 pridid
777 3095 969 3146 consecrationis
977 3095 1096 3162 ecclesia,

119 3187 188 3232 antea
201 3179 351 3239 immissum,
362 3177 432 3229 3455.
443 3179 478 3227 ln
490 3177 598 3242 sumptio
621 3177 691 3228 4483.
708 3178 812 3238 Quinam
830 3178 880 3229 siat
900 3177 952 3226 dies
968 3177 1055 3242 jejunii
1075 3183 1100 3228 et

120 3261 199 3312 talrari
212 3275 254 3325 per
266 3273 337 3309 nares
349 3255 553 3322 solvatjejunium
567 3258 597 3306 ad
621 3257 680 3322 quid
720 3257 841 3323 jejunium
872 3255 1098 3323 quadragesimale,

120 3339 319 3392 otrnnunnionam
342 3337 503 3404 requisitum,
527 3337 596 3397 3458,
621 3341 740 3391 491114
753 3339 784 3390 sit
796 3338 957 3405 jejunandum
971 3338 1010 3388 die
1022 3338 1101 3388 domi·

122 3422 190 3473 3458.
204 3421 239 3471 dn
251 3418 362 3484 deglutio
375 3417 488 3484 pulveris,
503 3417 598 3476 culicis,
622 3421 677 3472 niul
687 3427 711 3472 at
720 3435 750 3470 an
760 3419 785 3470 in
797 3421 882 3470 eidem
895 3417 967 3468 liceat
978 3417 1099 3484 jejunare,

125 3501 270 3566 nisis,eto.,
289 3501 368 3551 solvat
384 3498 515 3566 jejunium,
528 3499 598 3550 3454.
624 3503 692 3554 tata.
713 3501 775 3562 Quid
799 3501 831 3551 sil
850 3501 970 3566 jejunium
991 3501 1102 3560 Quatuor

125 3589 160 3635 ln
171 3581 290 3636 comestio
300 3581 456 3649 capillorum,
468 3579 600 3644 unguium,
623 3585 787 3650 Tamporum,
812 3581 881 3632 4313.
906 3581 1023 3640 Quasnam
1053 3582 1102 3632 sint

126 3668 202 3730 ligni,
215 3664 313 3732 papyri,
327 3670 391 3726 ets..
404 3661 474 3714 3481.
491 3661 556 3722 outo
572 3662 603 3711 sit
625 3662 717 3728 Vigilias
728 3663 754 3714 in
766 3661 856 3730 quihus
867 3668 904 3712 est
918 3661 1081 3728 jejunandum
