2452 3984
198 219 259 276 Μ
421 225 557 269 nanuum
577 223 678 268 scrius
696 221 779 267 sums
800 221 945 268 eruemur.

198 321 258 386 lem
273 321 447 398 conterens,
469 327 627 384 censeatur
641 339 731 402 super
751 318 809 382 hoe
829 337 901 382 cum
923 337 960 381 eo
974 317 1154 409 dispensare,

197 411 265 474 aida
279 410 360 494 apud
374 412 406 474 S.
422 409 543 492 Liguor.
559 409 623 488 (lib.
638 413 674 482 3,
689 421 723 470 u⁰
738 409 816 489 l20l;
831 413 863 471 et
874 407 955 472 dicta
968 425 1059 492 supra
1072 408 1152 489 (ret).

617 619 698 685 ΛΒΤ.
722 621 757 687 ΙΙ.

556 781 595 830 nt
616 784 808 830 senmurum.
848 763 860 780 ''

237 950 326 1012 6200.
350 945 539 1028 Blasphemia
553 953 595 1007 cst
614 945 710 1024 mola,
726 965 776 1008 seu
796 945 1003 1008 contumelioso
1018 945 1119 1010 hautio
1131 945 1156 1005 in

199 1037 301 1100 Deum.
318 1035 394 1098 Vide
408 1035 564 1116 theologos
577 1034 757 1099 moralistas.

168 1118 170 1122 ’
238 1125 372 1206 Aulique
383 1126 451 1204 jure
466 1123 650 1205 blasphemi,
670 1123 695 1185 si
709 1123 925 1203 deriderent,
940 1123 1158 1206 deponebantur

199 1214 236 1276 ab
248 1214 346 1275 cilicio
360 1219 390 1274 et
404 1219 479 1274 statu
491 1212 621 1274 clericali
633 1232 641 1289 ;
657 1213 682 1274 si
700 1213 771 1274 verb
785 1213 870 1290 laici,
885 1211 1158 1277 excommunicandi

199 1310 293 1366 erunt.
319 1323 335 1360 a
349 1301 380 1363 Si
394 1301 463 1382 quis
473 1300 658 1382 blasphemia
671 1308 776 1364 contre
788 1303 884 1364 Deum
895 1321 968 1365 usus
982 1300 1086 1379 fuerit,
1102 1302 1122 1362 si
1134 1301 1158 1361 in

200 1414 214 1452 r
238 1391 438 1453 ecclesiastico
449 1389 555 1452 ordine
566 1389 675 1468 luerit,
690 1389 873 1472 deponatur3
890 1391 914 1454 si
925 1389 1036 1478 laicus,
1052 1389 1160 1452 anatha

201 1503 214 1540 r
239 1481 436 1540 metiretur.»
456 1479 538 1560 (Cap.
555 1477 671 1561 Siquis
685 1483 739 1558 l0,
754 1499 785 1560 q.
803 1481 846 1557 l.)

238 1571 364 1649 Insuper
386 1566 429 1630 sic
447 1565 536 1629 habet
549 1585 616 1648 cap.
638 1568 717 1630 tlte
730 1567 883 1630 Maledicte
896 1587 909 1633 :
929 1567 1124 1632 «statuimus
1135 1571 1161 1630 ul

202 1680 215 1716 s
240 1658 264 1719 si
279 1657 346 1739 quis
360 1663 465 1720 contre
478 1659 591 1730 Deum,
611 1656 659 1718 vel
676 1656 810 1739 aliquem
824 1659 1005 1720 Sanctorum
1024 1673 1158 1730 sucrum,

201 1767 216 1806 s
241 1746 371 1808 maxime
385 1747 419 1807 B.
431 1747 469 1809 ll.
482 1745 618 1826 linguam
627 1744 659 1807 in
672 1743 890 1827 blasphemiam
904 1745 1026 1827 publice
1040 1745 1159 1808 relaxare

202 1861 215 1896 u
241 1835 484 1918 praesumpserit,
507 1852 562 1916 per
577 1835 762 1917 Episcopum
775 1852 885 1914 suum,
907 1853 1006 1917 poenaa
1028 1834 1162 1898 subdatur

202 1948 215 1985 r
241 1925 367 1987 inleribs
380 1929 567 1987 annotatas...
589 1929 706 2005 septem
719 1922 826 1987 diebus
845 1922 1005 1986 dominicis
1024 1942 1086 2004 prae
1099 1922 1161 1984 lori·

202 2037 216 2073 p
240 2015 298 2076 bus
312 2013 446 2077 ecclesiae
459 2013 492 2076 in
511 2009 671 2075 manifesto
682 2057 692 2090 ,
705 2010 781 2075 dum
794 2017 926 2094 aguntur
948 2011 1107 2074 missarum
1121 2029 1161 2073 so

203 2127 216 2163 o
241 2101 369 2180 lemnia,
384 2099 578 2183 blasphemus
592 2098 737 2178 existens,
752 2100 860 2164 ultimo
873 2099 994 2163 illerum
1013 2099 1062 2163 die
1073 2099 1162 2162 domi·

204 2215 216 2250 s
241 2191 309 2253 nico
320 2191 445 2272 pallium
456 2196 485 2251 al
495 2189 698 2251 calceamenta
711 2207 773 2252 non
788 2188 912 2269 habeat,
923 2189 1033 2271 ligatus
1046 2187 1163 2269 corrigit

204 2303 216 2338 u
242 2281 323 2340 circo
337 2278 468 2354 collum,
489 2283 667 2358 septemque
686 2277 926 2358 praecedentibus
939 2277 1031 2340 sextis
1049 2276 1163 2340 leriisin

204 2390 217 2426 s
243 2385 321 2450 pane
339 2367 456 2448 jejunet
477 2369 508 2428 et
525 2367 623 2446 aqut,
645 2365 804 2429 ecclesiam
826 2365 1000 2430 nullatenus
1022 2366 1164 2448 ingressu·

204 2479 218 2515 u
243 2474 306 2518 rus.
320 2478 337 2514 n
990 2503 994 2508 ,

190 2603 191 2608 ,
244 2550 335 2609 6201.
347 2547 380 2607 ln
395 2533 454 2606 sul¹
463 2548 563 2605 autem
577 2543 680 2605 Gonst.
694 2542 767 2606 Clam
778 2541 921 2625 prr'mlam,
934 2543 953 2624 ᾗ
967 2541 1003 2620 9,
1015 2543 1046 2606 S.
1063 2541 1164 2604 Piusll

205 2635 329 2697 sancivit
344 2653 351 2694 :
368 2635 434 2696 «Ut
448 2631 541 2693 laicus
555 2631 607 2713 qui
618 2635 735 2709 Deum,
750 2637 781 2694 et
794 2633 831 2694 D.
846 2633 884 2694 N.
900 2633 929 2695 J.
946 2631 993 2708 C.,
1009 2632 1055 2694 uel
1069 2630 1165 2713 glorio

205 2745 219 2782 s
245 2723 395 2784 sissimam
409 2721 565 2802 Virginem
580 2721 744 2783 Mariam...
760 2723 901 2802 expresse
914 2719 1164 2803 blasphemaverit,

205 2833 219 2870 ο
244 2829 300 2893 pro
321 2810 419 2892 primt
441 2810 524 2888 uice,
548 2827 671 2892 poenam
692 2813 730 2872 25
750 2807 930 2872 ducatorum
950 2811 1098 2886 incurrat;
1117 2822 1165 2890 pro

205 2921 220 2959 ο
245 2898 394 2975 secundi,
419 2915 510 2978 poena
522 2897 742 2979 duplicabitur3
764 2915 820 2978 pro
840 2899 927 2960 tertit
940 2904 1041 2961 autem
1054 2902 1164 2962 centum

206 3011 219 3050 ι
244 2987 369 3052 ducatos
380 2987 491 3066 solvet,
503 2992 534 3049 et
547 2987 714 3068 ignominia
729 2991 849 3050 notatus
868 2987 958 3050 exilio
972 2985 1162 3050 mulctabitur.

206 3100 221 3138 s
245 3077 385 3140 Plebeius
399 3075 451 3158 qui
466 3075 610 3138 solvendo
620 3093 683 3138 non
697 3075 750 3154 sit,
764 3093 821 3157 pro
835 3075 1022 3158 primarios,
1037 3072 1164 3138 manibus

207 3191 221 3228 s
247 3172 316 3250 post
328 3173 448 3246 tergum
461 3163 573 3244 ligatis,
593 3171 662 3226 ante
676 3163 755 3226 iores
768 3163 903 3227 ecclesirc
914 3163 1108 3228 constituetur
1119 3173 1164 3240 per

207 3280 221 3318 r
246 3256 328 3318 diem
349 3254 520 3335 integrum3
536 3271 592 3335 pro
612 3251 746 3316 secundt
762 3252 953 3334 fustigabitur
972 3269 1027 3335 per
1048 3250 1161 3320 urbem

206 3365 221 3404 o
245 3363 301 3426 pro
314 3343 401 3406 tertii
414 3341 441 3404 ei
451 3340 651 3423 perforabitur
660 3341 763 3420 lingua
775 3347 806 3402 et
817 3342 951 3404 mittetur
960 3341 1161 3403 adtriremesr

208 3433 291 3510 (ttae
303 3480 311 3508 ,
321 3438 356 3495 ut
368 3435 460 3514 patet,
476 3429 507 3492 in
522 3429 637 3511 praxim
650 3427 759 3492 deduci
770 3447 831 3491 non
846 3437 972 3512 possunt
985 3428 1066 3511 apud
1076 3445 1126 3490 nos
1138 3425 1163 3484 iu

208 3519 325 3597 Gallia.)

248 3608 337 3668 6202.
361 3606 494 3671 Clericus
504 3606 577 3672 verb
589 3605 785 3688 blasphemus
797 3623 835 3670 ex
848 3605 955 3671 eedem
967 3606 1105 3685 Constit,
1117 3618 1162 3685 pre
