2452 3984
183 156 242 219 238
408 169 545 218 ιιιιιιιιιι
565 171 666 218 rorrus
685 169 768 218 aunis
787 169 934 217 eleemon

183 268 345 332 simoniam
361 269 532 350 requiratur
546 275 580 331 ut
600 268 735 331 obtentio
753 269 796 330 rei
815 265 975 350 spiritualis
991 265 1031 329 sit
1047 265 1148 330 immo·

182 357 280 420 aliatus
293 357 364 420 finis
376 356 575 439 praelationis
585 358 738 439 pecuniam
749 356 802 420 sed
815 355 901 419 valde
914 353 1087 420 timendum
1099 363 1147 432 est,

181 445 264 508 addit
287 449 319 510 S.
341 447 465 527 Lignor.
484 445 562 527 (ib),
584 464 624 508 ne
645 445 721 508 alter
743 445 895 528 relinquat
913 443 1050 508 officium
1068 444 1148 508 inter

182 536 294 598 mantis
307 535 481 598 etoffioium
494 541 596 598 armet
609 533 833 598 intercedentis.

222 626 290 687 Non
316 631 397 688 esset
416 624 548 688 simonie
569 624 745 706 promittere
763 622 853 687 alloni
875 625 1037 705 pecuniam
1059 624 1092 688 in
1107 623 1149 707 pia

182 733 275 795 opera
287 714 472 796 erogandam
483 757 494 794 ,
506 713 535 776 si
552 713 603 776 illa
616 712 750 777 obtineat
763 711 817 774 tibi
831 713 1027 778 beneficium.
1043 715 1075 778 S.
1089 715 1147 796 big.

182 803 249 883 (tt,
263 815 298 866 n·
310 805 372 884 66).

223 897 313 956 olon.
337 895 460 966 Quaerit.
475 897 508 957 6·
530 895 576 956 An
590 893 694 956 revoat
707 891 772 956 dari
785 891 880 975 possit
897 892 1028 956 simonia
1041 893 1081 958 de
1093 893 1149 958 solo

183 983 248 1064 jure
261 983 416 1062 humano,
431 1001 493 1046 non
508 988 608 1046 autern
622 981 753 1045 divino?

223 1075 312 1154 Resp.
329 1075 445 1153 Negare
459 1073 572 1152 donet,
587 1071 668 1153 apud
682 1073 714 1135 S.
726 1071 847 1153 Ligunr.
866 1070 932 1148 (ib,
948 1075 1056 1153 rrae),
1069 1074 1147 1156 quia,

183 1161 298 1242 inquit,
316 1161 442 1223 minime
456 1167 582 1242 possunt
598 1159 736 1223 homines
749 1175 853 1224 rerum
868 1167 1008 1223 naturam
1023 1169 1148 1240 mutare,

183 1249 320 1312 olfacere
329 1248 411 1330 qudd
420 1249 535 1330 aliquid
548 1249 585 1310 sit
598 1249 741 1328 simonie,
752 1248 835 1331 quod
847 1248 906 1311 tale
920 1267 982 1312 non
996 1257 1043 1313 est
1052 1271 1060 1328 ;
1070 1267 1151 1314 secus

182 1343 285 1400 tamen
298 1337 503 1401 communiter
516 1338 652 1400 sentiunt
664 1339 739 1411 bb..
749 1338 821 1419 quia
834 1337 968 1400 Ecclesia
982 1344 1081 1420 potest
1093 1339 1150 1402 effi-

185 1444 253 1491 cere
266 1433 300 1489 ut
318 1427 444 1489 nreteria
457 1427 504 1490 sui
518 1426 659 1509 precepti
673 1427 712 1490 sit
730 1426 856 1489 materia
877 1425 1086 1491 determinate
1098 1429 1149 1491 vir

181 1515 273 1594 tutis,
289 1516 368 1579 siout
380 1515 431 1578 blo
443 1515 607 1597 religionis.

223 1604 274 1666 Sio
289 1605 318 1666 t·
335 1605 437 1686 piures
453 1605 560 1668 dieunt
577 1603 739 1668 simoniam
756 1623 822 1669 esse
841 1603 881 1668 de
900 1604 966 1668 solo
978 1606 1049 1686 iure
1061 1613 1150 1671 eonte-

183 1691 301 1756 siastioo
314 1693 444 1757 rendere
462 1691 627 1771 beneficia,
642 1693 715 1774 quia
725 1692 776 1776 ius
794 1693 834 1756 ad
852 1693 988 1756 redditus
1004 1701 1149 1778 tempora·

183 1779 247 1862 les,
267 1781 350 1864 quod
369 1783 450 1846 certe
471 1788 517 1846 est
534 1781 631 1864 pretio
651 1781 828 1846 aestimabile
852 1782 991 1846 attendi
1010 1792 1111 1866 posset
1128 1785 1150 1846 si

184 1887 247 1934 non
262 1877 340 1934 esset
352 1871 493 1936 Ecclesiae
506 1869 688 1954 probibitio,
702 1876 800 1953 potest
812 1869 982 1936 mentaliter
995 1872 1148 1954 separarit

185 1959 250 2039 jure
263 1959 302 2022 ad
314 1959 497 2024 exercendas
509 1977 610 2024 saeras
623 1959 810 2039 lunationes,
826 1961 905 2024 siout
917 1959 950 2022 in
963 1960 1059 2025 aaliee
1076 1977 1151 2044 sepe

184 2056 268 2114 retur
280 2047 362 2114 valor
374 2050 490 2132 argenti
501 2049 765 2114 beonseeratione.
778 2051 918 2114 Attamen
932 2048 1019 2112 multi
1027 2049 1079 2112 alii
1087 2063 1152 2131 pra·

184 2136 313 2202 babilibs
334 2139 469 2202 sentiunt
490 2145 564 2202 tune
585 2138 691 2203 adesse
712 2139 873 2202 simoniam
891 2137 930 2202 de
944 2138 1014 2217 jure
1033 2137 1150 2218 dinuo,

184 2227 257 2307 quia
280 2226 362 2290 aliud
382 2235 427 2289 est
447 2227 613 2309 temporale
632 2227 665 2289 in
685 2227 796 2305 oalioe,
820 2229 893 2291 ebm
915 2225 957 2289 ibi
976 2227 1017 2290 sit
1037 2231 1152 2291 anteea-

184 2313 292 2378 denter
317 2333 472 2378 annexum
493 2315 657 2396 spirituali,
684 2316 767 2380 eliud
795 2316 828 2379 in
855 2313 1011 2380 benetiaiis
1037 2317 1152 2398 inqui·

185 2402 242 2467 bus
261 2411 307 2468 est
325 2405 545 2488 subsequenter
565 2407 685 2468 tantum
707 2423 877 2484 annerum,
897 2421 957 2468 neo
973 2405 993 2478 a
1010 2405 1150 2488 spirituali

184 2495 316 2576 separari
334 2501 432 2576 potest
452 2494 528 2578 quie
547 2495 650 2558 atatim
669 2495 786 2558 desinet
817 2511 883 2558 esse
902 2495 953 2574 jus
969 2493 1150 2570 beneficiate

186 2582 233 2662 jus
255 2583 335 2646 enirn
358 2583 397 2646 ed
419 2583 536 2648 truotus
555 2583 695 2649 beneficii
712 2601 775 2647 non
789 2583 877 2647 datur
889 2583 948 2646 nisi
961 2581 1148 2666 propterolli·

185 2673 268 2734 cium
281 2672 435 2754 spirituale
449 2675 528 2756 (cap.
544 2673 659 2758 Siquis
673 2677 702 2753 l,
715 2693 747 2755 q.
762 2675 801 2750 33
816 2679 849 2736 et
859 2691 926 2754 cap.
944 2672 989 2738 Et
1001 2671 1147 2756 dilabendi.

186 2761 220 2822 de
241 2760 379 2841 Simon).
398 2761 482 2824 ltine
503 2763 594 2826 etiem
615 2779 688 2827 oum
707 2761 931 2844 dispensatione
949 2763 982 2825 S.
1005 2761 1150 2825 Pontificio

187 2851 274 2913 rendi
289 2867 351 2912 non
365 2857 490 2932 possunt
504 2851 668 2930 benefioie;
683 2851 736 2914 sad
746 2855 832 2934 Papa
844 2857 945 2934 posset
958 2869 1097 2934 seperare
1106 2853 1147 2930 jus

185 2941 224 3003 ad
238 2939 383 3019 redditus,
398 2941 416 3002 t
428 2939 496 3019 jure
509 2940 651 3021 adsensa,
667 2946 698 3004 et
711 2941 752 3004 ite
764 2939 931 3004 concedere
943 2947 979 3003 ut
991 2939 1147 3003 vendentur

187 3029 321 3094 redditus
346 3035 492 3111 tanquam
516 3047 565 3093 res
591 3031 676 3094 mera
701 3029 903 3113 temporales,
933 3028 980 3093 rel
1001 3033 1037 3092 ut
1057 3029 1148 3110 dique

186 3119 292 3204 pensio
305 3137 398 3201 super
417 3119 601 3184 beneficium
614 3121 798 3204 imponetur,
814 3115 981 3202 separando
997 3121 1073 3182 tuno
1086 3133 1148 3200 per·

187 3217 247 3272 tem
260 3207 416 3273 fruetuum
429 3209 510 3272 illius
522 3216 553 3273 et
565 3211 655 3274 elieui
668 3208 826 3274 tredendo.

225 3302 316 3362 6163.
340 3300 418 3362 Sunt
439 3298 538 3364 officie
557 3319 627 3382 quae
646 3315 746 3382 neque
768 3299 932 3382 spiritualia
950 3302 1043 3380 sunt,
1058 3312 1147 3380 neque

186 3387 390 3468 spiritualibus
410 3406 546 3467 annexa,
569 3407 638 3471 quae
658 3395 781 3470 propter
794 3389 962 3471 periculum
982 3393 1013 3451 et
1025 3387 1147 3472 speeiem

188 3475 351 3552 quamdam
373 3477 511 3539 simonie
531 3477 627 3564 pretio
649 3477 779 3541 conferri
800 3483 956 3542 vetantur:
971 3477 1070 3558 qualia
1083 3477 1144 3538 sunt

190 3561 286 3624 officia
299 3563 463 3646 oeoorromi,
478 3565 619 3646 sacriste,
632 3565 781 3644 advocati3
797 3571 829 3629 et
840 3565 897 3629 elie
911 3564 1043 3648 ejusdem
1060 3579 1144 3647 gene·
