2466 4258
207 310 212 316 .
299 274 383 321 steen
403 273 530 320 rennos
551 289 592 304 ·-
613 273 800 320 rrrsrnrees.
970 261 1031 322 *ild

40 391 176 472 probari
191 387 283 453 debet
310 390 418 471 culpa,
442 407 514 472 quae
540 388 642 451 eidem
665 389 800 471 praebuit
815 391 1027 456 occasionem.

40 480 237 544 Consultum
254 479 370 542 idcireo
391 479 461 554 erit,
483 488 519 542 ut
542 489 713 559 antequam
735 479 803 542 baec
827 498 920 561 poena
944 481 1032 544 inlli-

42 579 154 650 gatur,
171 568 373 651 probationes
400 567 497 648 illius,
522 569 727 651 quantumvis
750 567 1031 649 estrejudicieliter

43 667 81 721 et
105 663 238 737 secreto,
254 657 465 738 colligantnr3
480 658 523 722 ita
539 666 626 722 uteo
651 657 732 740 ipso,
754 657 839 740 quod
856 659 1031 721 cumomni

43 747 239 810 certitudine
253 746 480 828 culpabilitatis
499 746 531 808 in
549 747 717 828 punitione
731 745 895 810 inserenda
922 765 1028 830 proee-

44 837 147 910 ditur,
165 836 190 898 si
205 835 356 918 deinceps
377 853 471 900 causa
494 834 708 900 examinanda
734 843 781 898 est
795 836 881 919 apud
898 837 1032 918 Aposto-

47 927 146 988 llcam
161 925 282 1000 sedem,
303 924 507 1006 probationes
529 925 673 988 criminis
696 926 728 988 in
753 942 806 989 eas
830 925 1033 990 dilircultates

49 1014 140 1078 haud
155 1015 347 1096 impingant,
363 1031 435 1095 quta
452 1011 677 1096 utplurimum
696 1023 869 1078 occurrunt
882 1015 914 1078 in
931 1015 1033 1080 istius·

49 1104 139 1168 modi
153 1103 291 1190 judiciis.

94 1192 146 1258 lll.
161 1227 201 1240 -
228 1191 255 1254 A
289 1192 416 1256 decreto
443 1194 659 1273 suspensionis
684 1211 722 1258 ex
746 1192 917 1258 internata
940 1213 1034 1260 cons-

52 1285 168 1348 cientia
202 1301 266 1348 non
298 1283 392 1346 detur
419 1284 591 1366 appellatio
619 1281 659 1346 ad
688 1284 827 1346 tribunal
859 1285 1035 1366 superioris

50 1375 183 1440 ordinis.
198 1374 367 1455 Postquam
377 1371 495 1436 idcirco
506 1373 640 1437 clericus
655 1373 889 1436 intimationem
901 1391 1036 1455 suspen-

52 1465 151 1528 sionis
177 1463 336 1538 hebuerit,
361 1462 387 1526 si
414 1460 626 1526 nihilominus
660 1463 905 1544 appellationem
934 1463 1035 1528 inter·

55 1553 331 1636 perdemusque
353 1550 484 1616 obtentu
501 1552 535 1614 in
557 1552 648 1614 altari
666 1553 857 1626 ministrare,
874 1571 928 1616 seu
954 1571 1036 1634 quo·

58 1643 103 1704 ris
118 1641 210 1704 modo
224 1657 318 1702 suum
333 1639 477 1704 ordinem
491 1641 674 1704 solemniter
688 1657 835 1706 exercere
849 1653 1034 1724 presumat,

56 1730 160 1791 statim
176 1729 287 1791 incidit
301 1729 332 1788 in
348 1727 623 1808 irregularitatem.

98 1817 168 1880 llll.
188 1849 227 1866 -
246 1813 376 1897 Semper
393 1824 498 1882 tameo
525 1827 608 1900 patet
634 1819 739 1884 aditus
759 1819 797 1886 ad
820 1822 1034 1900 Apostolicam

55 1908 188 1982 Sedem;
204 1913 235 1969 et
260 1907 292 1968 in
311 1923 394 1976 ,casu
420 1925 484 1987 quo
510 1908 644 1972 clericus
665 1909 786 1992 absque
815 1908 983 1974 sultieienti
999 1931 1036 1976 ac

56 1995 236 2060 rationabili
252 2012 346 2058 causa
362 2013 394 2058 se
410 1996 470 2058 hac
486 2014 581 2078 poena
596 1997 767 2062 multatum
784 2009 919 2080 reputet,
932 2018 1037 2066 recur-

56 2105 126 2150 rere
144 2085 255 2166 poterit
269 2083 308 2146 ad
331 2084 499 2148 Summum
519 2085 721 2163 Pontificem
738 2088 864 2152 interim
880 2097 986 2152 tamen
1002 2090 1035 2156 in

56 2177 163 2255 rigore
187 2182 352 2254 permanet
380 2172 543 2236 decretum
575 2177 793 2255 suspensionis
828 2195 930 2259 usque
958 2178 1037 2242 dum

56 2264 99 2328 ab
113 2264 180 2346 ipso
191 2261 353 2340 Pontilice,
367 2262 444 2325 vela
461 2261 840 2348 &congregationeque
855 2266 895 2331 de
905 2286 1036 2334 recursu

51 2352 197 2435 judicare
211 2351 315 2429 debet,
331 2367 396 2414 non
418 2350 513 2416 luerit
540 2353 707 2416 rescissum
735 2363 790 2420 aut
817 2355 913 2420 etiam
929 2358 1035 2423 mode·

56 2452 173 2508 ratum.

98 2532 183 2596 lllll.
195 2565 237 2580 -
252 2530 396 2594 Ceterum
411 2549 449 2594 ex
472 2549 537 2613 quo
565 2533 743 2599 istiusmodi
759 2554 854 2620 poena
869 2543 917 2600 est
939 2555 1038 2602 reme·

57 2623 146 2686 dium
176 2621 310 2686 omnino
337 2619 646 2701 extraordinarium,
678 2625 764 2708 quod
794 2627 967 2707 praeeertim
997 2627 1037 2691 ad

58 2711 270 2793 expiationem
284 2711 455 2775 criminum
476 2712 599 2794 absque
617 2712 728 2778 formis
744 2715 924 2795 judiciariis
948 2717 1039 2780 edhi-

58 2805 239 2883 betur;prm
253 2801 353 2864 oeulis
367 2800 508 2864 babeant
520 2803 643 2883 praelati
655 2802 687 2868 id
702 2804 788 2884 quod
805 2805 1039 2885 sapientissime

57 2892 206 2954 admonet
220 2886 370 2954 Summus
384 2888 526 2954 Pontifex
542 2909 567 2954 s.
583 2909 627 2955 m.
640 2892 826 2958 Benedictus
841 2893 922 2972 xlv,
932 2897 963 2958 in
981 2915 1038 2960 suo

57 2987 189 3044 tractatu
203 2979 243 3044 de
255 2977 384 3059 Synodo
403 2978 599 3058 Discessere,
616 2981 698 3046 libro
719 2981 787 3058 llll,
808 3001 876 3065 cap.
900 2983 933 3056 8,
954 3003 986 3046 n.
1006 2988 1036 3060 6,

58 3070 140 3149 quod
156 3070 307 3132 nimirum
321 3069 582 3150 reprehensibilis
597 3070 681 3136 leret
694 3075 874 3154 episcopus,
893 3072 918 3132 si
933 3071 964 3132 in
981 3093 1036 3136 sua

60 3156 179 3237 synodo
189 3158 372 3228 declararet.
390 3176 422 3222 se
437 3157 586 3239 deinceps
601 3177 638 3224 ex
655 3162 779 3243 privata
793 3167 918 3222 tuntum
934 3161 1037 3224 scien-

59 3247 102 3306 tia
127 3261 199 3306 cum
220 3263 314 3325 poena
332 3247 547 3329 suspensionis
566 3265 584 3310 a
609 3248 727 3312 divinis
740 3249 1036 3314 animadversurum

59 3337 92 3396 in
106 3332 336 3415 clericos‚quos
349 3337 483 3414 graviter
495 3335 665 3419 deliquisse
675 3338 878 3419 compererit,
892 3341 1038 3420 quemvis

58 3443 168 3489 eorum
182 3423 335 3488 delictum
345 3441 409 3488 non
425 3425 523 3508 possit
537 3428 570 3490 iu
585 3426 655 3492 lore
665 3438 796 3492 externo
809 3427 1038 3492 concludenter

58 3513 196 3667 prpbari,
219 3523 275 3578 aut
298 3513 378 3578 illud
398 3531 463 3578 uon
489 3515 637 3599 expediat
664 3519 696 3580 in
721 3516 857 3580 aliorum
890 3519 1038 3582 notitiam

81 3623 97 3665 c
122 3621 223 3668 ucere.
