2462 3984
214 299 272 365 110
436 301 573 350 uxuuxxn
592 297 693 346 roxxos
712 295 794 342 runis
814 291 962 339 cxuomcr.

213 419 246 472 ut
267 403 450 483 auctoretas
472 404 628 482 puniatur,
645 393 698 456 sed
719 399 750 454 ut
763 399 846 451 actor
870 385 908 449 ab
922 381 1093 447 obtinendo
1107 383 1181 463 quot

214 497 275 559 nult
295 492 470 572 dejiciatur;
495 483 696 548 criminaliter
713 482 836 543 econtra
851 475 885 538 lit
902 472 1025 557 quando
1045 469 1184 534 delictum

215 583 353 663 objicitur
366 586 398 643 ut
413 576 542 639 vindicta
557 573 677 655 publica
690 569 729 631 de
745 587 781 630 eo
794 566 977 628 obtineatur.

255 668 425 734 criminalis
439 667 549 728 iterum
571 658 714 722 dividitur
732 657 765 718 in
774 654 899 738 proprii
914 652 1024 713 dietam
1039 667 1110 730 quae
1124 647 1156 708 fit
1172 649 1185 706 1

217 781 283 839 reo,
299 767 328 821 et
345 752 507 838 improprii
523 751 632 812 dictam
653 765 722 828 qum
742 744 776 806 iit
788 743 827 806 ab
844 743 904 804 alio
917 742 1010 822 quiem
1034 739 1052 799 a
1068 752 1141 808 reo,
1155 735 1185 796 ad

193 921 194 924 ¹
216 845 442 932 impediendum
470 860 509 903 ne
536 841 603 920 quis
630 835 796 915 Dignitates
814 837 866 894 eut
888 827 1037 892 beneficia
1060 825 1185 888 obtineat

215 939 311 1004 autin
327 937 362 996 iis
375 931 582 1000 confirmetur,
598 931 655 986 etc.
665 923 742 1000 (vide
757 921 868 997 Bouix,
883 915 1056 994 deludio,
1069 921 1147 976 tom.
1160 919 1185 988 t,

216 1047 247 1110 p.
264 1029 322 1088 108
335 1030 365 1086 et
377 1024 466 1102 109),
482 1026 512 1081 et
523 1021 645 1080 vocatur
658 1011 748 1077 etiam
761 1005 1001 1091 quaeieaceptio.

670 1211 731 1288 ax.

216 1363 329 1427 Norme
344 1357 517 1446 procedendi
529 1357 625 1440 quoad
642 1357 838 1438 exceptionem
855 1353 1040 1416 miniinnlem
1060 1355 1186 1417 ciuiliter

637 1455 761 1535 foetam.

196 1685 199 1691 ,
254 1617 343 1676 5873.
367 1611 422 1684 Oui
437 1609 494 1672 hoc
508 1608 600 1671 modo
613 1606 724 1686 excipit
739 1623 799 1672 non
811 1609 930 1690 tenetur
943 1619 1010 1684 sese
1024 1601 1056 1663 in
1068 1621 1185 1684 poenam

125 1717 130 1726 '
203 1702 379 1764 inscribere
392 1699 582 1781 (caprupen
595 1695 641 1758 lie
655 1698 711 1769 16,
728 1693 773 1753 tit.
790 1697 819 1766 1,
832 1691 882 1752 lib.
899 1695 917 1752 5
932 1693 1066 1768 Deerat.)
1079 1711 1087 1750 t
1102 1692 1184 1753 sedai

27 1853 31 1862 ,
200 1790 424 1872 -exceptionem
445 1785 580 1848 orirninis
602 1783 727 1846 civiliter
748 1780 858 1842 tactam
881 1781 1101 1859 nonpotuerit
1121 1799 1184 1842 rem

214 1875 360 1960 probare,
371 1876 464 1954 judex
478 1894 531 1956 per
551 1871 730 1936 senteutiam
745 1863 1000 1934 interlocutoriam
1017 1867 1111 1930 debet
1122 1889 1184 1930 eam

155 1967 160 1976 ’
213 1967 338 2048 rejicere
353 1971 499 2046 tauquam
517 1963 659 2042 injustam
674 1965 704 2020 et
724 1957 961 2032 frustratoriam,
976 1959 1077 2038 etque
1090 1957 1185 2021 decla·

214 2061 277 2120 ratt
291 2057 416 2136 reiecta,
431 2052 520 2115 debet
533 2051 569 2112 in
587 2066 731 2131 processu
745 2064 885 2128 pergere,
901 2047 937 2107 ed
952 2063 1015 2108 non
1037 2045 1184 2110 obstante.

213 2149 254 2208 Ita
281 2143 481 2208 communiter
502 2143 548 2218 (ex
570 2157 636 2220 cap.
658 2135 864 2199 Intelleaimue
892 2138 925 2212 1,
946 2135 992 2196 tit.
1013 2138 1069 2211 10,
1096 2115 1148 2198 lin}
1169 2142 1184 2199 t

213 2235 353 2308 Decret.).
368 2233 435 2291 Non
450 2232 551 2291 autem
564 2245 635 2289 reus
648 2225 857 2306 exceptionem
873 2242 934 2284 non
945 2223 1079 2304 probans
1094 2234 1185 2306 potest

212 2319 312 2381 idcda
330 2317 432 2400 Judioe
451 2317 551 2398 puniri
570 2316 648 2395 (cap.
673 2314 771 2396 Super
784 2312 830 2374 itis
856 2312 967 2388 citat.);
989 2319 1020 2374 et
1039 2331 1112 2375 casu
1127 2333 1185 2395 quo

211 2408 327 2469 crimen
342 2405 525 2488 probaverit,
541 2422 604 2466 non
619 2403 686 2465 ided
701 2402 812 2483 pariter
825 2407 930 2462 auctor
944 2399 1184 2482 criminispotesl

211 2495 370 2558 abeodem
384 2493 497 2577 puniri,
513 2491 566 2555 sed
579 2491 723 2554 duntaxat
736 2490 774 2551 ab
783 2489 953 2551 accusando
966 2537 973 2564 ‚
987 2491 1010 2550 si
1031 2501 1184 2552 accusator

210 2586 267 2662 sit,
285 2585 332 2646 vel
353 2587 371 2646 a
393 2581 594 2658 testificando,
614 2580 638 2642 si
656 2580 758 2653 testis,
781 2575 885 2659 repelli
904 2575 994 2639 debet
1011 2580 1095 2659 (cap.
1112 2579 1182 2642 Cion

209 2673 332 2735 dilectae
353 2675 388 2748 2,
408 2673 454 2733 tit.
481 2669 639 2746 10‚1ib.n
663 2669 818 2745 Decreta:
840 2673 940 2747 posset
954 2671 1056 2729 tamen
1075 2667 1181 2749 judex.

210 2761 272 2820 imd
286 2769 317 2822 et
328 2760 404 2822 forte
417 2757 558 2836 deberet,
574 2755 711 2819 absoluto
726 2771 884 2836 processu,
907 2759 1013 2815 contra
1030 2765 1181 2818 auctorem

209 2847 276 2910 talis
288 2846 388 2909 delicti
403 2845 585 2928 procedere,
600 2846 671 2926 quia
685 2843 840 2926 publicum
855 2843 956 2919 evasit,
972 2861 1009 2906 eo
1024 2843 1091 2924 ipso
1104 2845 1179 2926 quod

210 2935 263 2999 luit
273 2933 401 3018 juridice
415 2933 585 3016 probatum.
601 2933 677 2996 Vide
690 2951 739 3015 ap.
755 2931 850 2994 Bouix
867 2929 931 3008 (in,
947 2948 978 3011 p.
994 2933 1076 3013 111).

657 3119 732 3202 §n

208 3259 320 3325 n'mm
330 3255 506 3340 procedendi
518 3255 616 3339 quoad
631 3253 828 3337 exceptionem
841 3253 1028 3317 criminalem
1041 3257 1174 3320 crimina·

588 3350 660 3414 liter
671 3351 794 3432 scetem.

246 3513 336 3571 5871.
359 3507 543 3570 Generaliter
568 3503 626 3568 hoc
648 3507 834 3587 exceptionis
856 3521 953 3587 genus
975 3507 1098 3571 eosdem
1119 3508 1172 3571 nn

206 3594 330 3655 effectus
343 3597 464 3692 sprtitur
478 3613 514 3656 ao
526 3594 676 3655 accusatio
688 3594 737 3654 cui
747 3595 969 3673 aequiparatur:
986 3597 1010 3656 si
1030 3597 1171 3678 excipiem

206 3679 314 3758 probat
326 3694 441 3743 crimen
452 3709 463 3758 ,v
476 3695 539 3742 non
551 3681 669 3741 tanturn
683 3690 838 3744 accurator
852 3681 890 3742 ab
904 3685 1110 3760 accusatione*
1124 3693 1171 3744 tes»
