2548 3988
466 291 551 338 risun
571 287 702 338 rannus.
1018 275 1076 338 283

106 409 121 448 r
146 389 238 452 armis
251 391 279 466 ¹,
296 406 359 452 non
373 387 443 450 verb
456 387 495 450 ob
514 387 688 450 conllictum
702 386 917 470 improvisum,
939 391 1087 488 qunnrvis,

104 498 120 536 r
145 483 325 560 pugnantes,
336 495 373 539 ex
381 476 488 540 eodem
496 477 610 559 impetn
621 478 693 540 rixae
702 478 888 559 perrexerint
896 478 934 540 ad
944 480 1082 561 aliquem

104 589 120 628 r
145 567 247 630 locum
272 566 428 630 idoneum.
453 569 496 630 lta
523 567 609 629 valde
636 567 829 649 probabiliter
853 567 958 646 Elbel,
989 576 1073 634 etc...

104 679 120 718 r
144 656 288 737 Idemque
303 655 533 738 probabiliter...
549 656 574 718 si
597 657 665 738 quis
683 656 766 720 alteri
786 655 888 718 dicat:
912 664 1004 719 teram
1021 679 1072 740 pu

81 737 83 741 ’
102 769 119 808 ι
143 745 238 828 pnobo
261 744 361 830 primu
375 745 456 824 viee,
471 746 528 828 qud
541 745 618 808 mitt
638 745 822 810 obviaveris:
837 765 908 808 nam
926 765 964 809 eo
981 767 1072 826 casu,

102 858 119 896 r
141 843 247 918 postea
264 835 355 899 etiam
375 833 477 898 habito
497 835 658 914 conflictu,
683 835 729 896 isti
748 853 810 898 non
833 835 990 898 incurrunt
1008 857 1072 920 poe-

102 948 117 985 r
144 943 220 1004 nas,
245 925 316 1006 quia
338 931 411 988 tunc
437 924 521 988 deest
545 925 712 1007 designatio
741 924 799 988 loci
820 931 851 988 et
875 925 1030 1008 temporis.
1054 951 1069 988 ι

101 1017 146 1094 (S.
166 1015 301 1096 lignos,
317 1014 368 1076 lib.
385 1017 415 1092 3,
428 1018 462 1076 n⁰
475 1016 558 1087 401.)

144 1115 219 1177 6381
227 1117 309 1175 .-ll⁰
324 1113 355 1176 Si
369 1113 407 1175 sit
416 1112 535 1175 adornes
545 1161 553 1191 ,
565 1113 665 1176 Sixtus
677 1115 704 1173 V
718 1113 749 1176 in
758 1114 857 1176 Consi.
873 1113 1071 1197 sprewam,

100 1205 204 1267 statuit
226 1203 572 1266 excommunicationem
591 1221 656 1265 esse
674 1202 887 1266 incurrendam
910 1205 975 1286 ipso
995 1205 1071 1269 lacto

5 1305 6 1358 l
103 1295 142 1356 ab
155 1293 297 1356 omnibus
311 1294 362 1374 qui
377 1299 539 1375 procurant
550 1293 707 1370 abortum;
722 1292 775 1356 sed
789 1301 856 1375 post
869 1294 987 1356 Bullam
1000 1299 1071 1360 Gre-

102 1383 180 1465 gorii
192 1383 257 1444 xlv
271 1381 358 1444 Sedes
372 1383 560 1464 Apostollea,
577 1381 643 1445 haeo
655 1383 926 1446 excommunicatio
941 1386 972 1446 S.
992 1387 1070 1450 l‘on-

101 1472 174 1536 tifici
191 1477 311 1534 nonest
330 1477 488 1534 reservata.
504 1472 579 1534 Vide
594 1474 624 1534 S.
640 1472 761 1554 Liguor.
778 1473 841 1552 (lib.
861 1479 891 1552 l,
905 1477 940 1535 n⁰
952 1478 1026 1552 alt,
1042 1485 1070 1540 et

98 1562 155 1624 lib.
172 1565 208 1638 3,
229 1572 264 1622 n⁰
278 1565 358 1639 395).
380 1561 439 1642 lpsi
458 1561 549 1623 etiam
573 1561 649 1623 liunt
669 1561 863 1644 irregulares,
885 1571 919 1626 ut
940 1563 1070 1628 diximus

97 1669 195 1734 supra
218 1653 333 1732 (1763).
356 1651 482 1732 Insuper
502 1651 587 1729 iuxta
609 1649 725 1712 Rullam
752 1651 939 1732 Effrenotcm
966 1672 1069 1718 omnes

97 1739 232 1803 scienter
253 1745 448 1821 procurantes
459 1739 598 1802 abortum
612 1745 662 1801 eut
679 1757 872 1822 quocumque
892 1742 983 1805 modo
997 1763 1069 1806 con-

98 1830 278 1900 sentientes,
286 1828 331 1890 vel
342 1828 511 1906 praebentes
517 1843 631 1890 venena
638 1828 810 1906 sterilitatis,
824 1828 978 1910 privantur
987 1833 1070 1894 omni

105 1915 413 1998 prii-llegtoolencali.
424 1914 572 1989 Digrntnte
582 1917 633 1969 aut
647 1909 793 1971 beneficio
804 1911 1015 1989 ecclesiastico,
1031 1915 1074 1975 in·

105 2005 281 2087 habilesque
293 2004 369 2064 liunt
380 2001 417 2062 ad
431 2019 465 2063 ea
478 2001 508 2061 in
523 2005 677 2080 posterum
690 1997 855 2060 obtinenda
871 1998 960 2079 (Vide
975 2001 1005 2064 S.
1021 2001 1073 2063 Li-

105 2117 208 2180 gnor.,
220 2095 273 2156 lib.
290 2095 319 2166 3,
336 2102 370 2153 n⁰
381 2095 464 2172 395).
481 2089 716 2152 controvertitur
727 2095 829 2150 tamen
843 2107 882 2150 an
896 2107 1075 2154 excommu-

105 2188 288 2250 nicationem
310 2185 466 2245 incurrant
485 2179 620 2260 ipsaemet
635 2177 777 2241 mulieres
794 2183 984 2260 pregnantes
1005 2197 1074 2261 quae

105 2278 243 2340 abortum
255 2274 311 2336 sibi
322 2277 483 2355 procurant
497 2291 503 2331 :
519 2269 603 2331 valde
615 2267 907 2349 probabilisvldelur
920 2271 950 2332 S.
967 2268 1074 2351 Liguo·

104 2369 149 2432 rio
160 2365 308 2429 sententia
323 2380 448 2444 negans,
458 2361 530 2440 quia
539 2359 624 2420 Bulla
638 2359 749 2420 SixliV
762 2358 892 2440 loquitur
907 2360 1025 2422 tanllrm
1035 2360 1073 2424 de

105 2452 336 2538 procurantibus
355 2452 509 2513 abortum.
527 2451 562 2509 V.
578 2449 610 2509 G.
634 2450 736 2528 Aport.
754 2446 834 2509 Sed.
852 2453 883 2509 2·
897 2446 995 2525 Episc.
1013 2467 1071 2510 res.

140 2547 230 2606 6282.
246 2574 285 2589 -
299 2540 331 2602 5ο
344 2535 448 2612 Quoad
461 2531 690 2598 suffocationem
708 2551 874 2615 pueromm
886 2581 894 2612 ‚
908 2533 976 2597 vide
998 2553 1065 2619 cap.

103 2629 283 2694 Consalnisti
294 2632 352 2706 20,
368 2643 459 2688 eausa
472 2629 509 2701 2,
528 2641 560 2704 q.
576 2626 607 2700 5,
620 2628 650 2684 et
660 2641 727 2705 cap.
743 2623 789 2684 De
801 2622 972 2704 Infantibas
987 2627 1017 2698 3,
1033 2625 1068 2688 de

102 2721 148 2783 tis
162 2721 214 2804 qni
222 2717 268 2803 fil.
283 2715 419 2794 occider.;
438 2712 571 2776 Ferraria
592 2712 635 2795 (ν’
650 2717 753 2790 Poena,
768 2719 822 2774 art.
842 2716 877 2791 2,
893 2723 927 2776 11⁰
939 2716 1022 2794 l35);
1039 2723 1068 2780 et

103 2829 191 2891 supra
201 2809 279 2871 dicta
293 2809 404 2886 (3333).

143 2912 174 2968 6⁰
188 2906 244 2978 Qui
259 2905 373 2986 seipsos
386 2900 527 2964 occidunt
539 2899 726 2981 culpabiliter
738 2899 874 2981 privandi
887 2907 958 2967 sunt
971 2904 1068 2986 sepul-

118 2997 172 3055 urt
184 2993 396 3071 ecclesiastiea,
411 2998 444 3052 ut
458 3007 548 3070 supra
561 2987 691 3051 diximus
705 2992 815 3068 (4718).

147 3085 1066 3173 6283.-udejurecornmuniparricidaeolimpuniebantur

137 3249 147 3278 ⁴
165 3243 207 3296 Sic
218 3241 282 3294 enim
302 3240 374 3294 habet
389 3242 490 3294 constit.
509 3241 610 3308 Gregor.
627 3239 699 3292 Xlll:
718 3259 729 3289 ι
744 3241 835 3293 Omnes
846 3240 890 3307 qui
901 3255 931 3292 ex
941 3239 1064 3304 condicto,

109 3319 226 3370 ralaluto
242 3320 351 3379 tempore
366 3319 391 3365 et
403 3313 428 3364 iu
440 3315 496 3366 lneo
515 3318 651 3373 convento,
666 3311 861 3364 monomachiam
882 3311 1063 3375 commiserint,

107 3410 118 3438 ι
136 3386 231 3442 etiamsi
243 3385 305 3437 nulli
316 3384 415 3452 patrini,
428 3386 518 3438 sociive
534 3386 565 3435 ad
578 3384 602 3436 id
615 3383 694 3436 vocati
711 3383 811 3444 luerint,
828 3381 933 3434 nullave
945 3399 1066 3449 prouoca-

107 3482 117 3512 ο
135 3459 203 3512 lorias
223 3457 323 3519 litterar,
341 3455 449 3508 censuris
465 3464 490 3508 et
507 3456 586 3522 posuis
603 3454 745 3508 omnibusd
764 3454 838 3504 Gonu.
851 3453 918 3504 Trid.
935 3456 1064 3522 propositis

107 3555 116 3585 r
134 3533 225 3597 teneri,
239 3531 341 3598 perinde
353 3543 382 3582 ac
393 3529 414 3580 si
427 3528 526 3594 publico
541 3534 566 3578 et
577 3533 697 3580 consueto
711 3525 790 3576 abusu
806 3523 932 3589 singulare
942 3533 1064 3582 certamen

107 3607 270 3658 linivissent.
295 3625 306 3648 ι
328 3601 376 3651 llas
400 3599 572 3663 dispositiones
592 3599 769 3650 confirmarunt
785 3596 898 3653 ωωαηε
918 3597 966 3651 vlu
980 3605 1004 3651 gr
1016 3602 1064 3653 ΒΘ.

106 3677 162 3730 ned.
171 3677 227 3729 xlv.
