2452 3984
396 266 482 312 marn
502 265 631 312 renerus.
926 247 984 310 193

39 367 255 446 tolicsbegatos,
267 363 406 439 Nuntios,
419 361 623 424 autOtliciales
633 359 760 441 (liutran.
773 359 940 432 Matthaeus,
953 359 987 422 de

39 456 166 532 ferreti:
195 452 320 535 proinde
345 451 486 533 Episcopi
512 449 675 531 procedere
707 455 861 532 nequeunt
884 453 987 510 contre

38 543 211 619 inquisitores
223 541 376 622 delegatos
388 539 478 619 (apud
489 538 602 616 Bonis,
615 538 670 615 ib„
681 559 712 620 p.
728 542 808 615 381).

71 633 148 693 6032.
157 665 195 676 -
206 633 240 692 9⁰
252 628 450 710 inquisitores
458 633 520 689 tam
532 626 675 689 ordinarii
690 629 782 708 quim
792 626 918 706 delegati
930 643 988 686 uon

30 725 160 798 'tenentur
173 717 210 780 ad
224 716 404 780 seruandam
420 716 452 777 in
474 717 573 778 causis
586 713 656 778 fidei
676 715 804 778 formam
818 721 990 777 consuetam

42 808 178 886 processis
197 805 386 882 criminalis,
412 804 465 866 aed
487 809 613 886 possunt
643 805 807 868 summarie
831 803 992 885 procedere

43 896 104 974 (cap.
117 895 279 970 statutam,
295 891 329 956 de
340 892 498 971 hereticis,
510 893 582 954 incr
600 893 743 969 ;Constit.
754 892 910 975 Cupientes
925 891 992 953 rile-

43 981 161 1044 randriV
173 990 203 1046 et
216 982 342 1046 Constit.
353 982 437 1044 Licet
445 1001 484 1044 ee
494 979 627 1042 munitas
636 981 749 1046 Urbani
759 983 821 1060 IV).
834 981 894 1042 lmd
904 981 994 1058 djure

42 1073 167 1134 mncnicc
188 1072 226 1134 iis
247 1071 299 1152 qui
322 1089 377 1152 per
400 1071 580 1132 sententiam
600 1068 785 1132 definitivam
804 1069 994 1132 condemnati

42 1165 98 1220 sunt
114 1167 145 1222 ut
159 1159 294 1222 haeretici
309 1157 474 1240 denegatur
487 1158 696 1241 appellationis
716 1157 898 1221 beneficium
914 1159 993 1238 (cap.

45 1246 77 1308 ll
88 1249 302 1331 inquisitionis,
317 1246 352 1308 de
365 1247 508 1324 haeretic,
524 1248 556 1308 in
571 1247 631 1328 ⁶⁰l²
648 1246 729 1310 unde
744 1248 809 1310 talis
828 1247 994 1321 sententia,

43 1335 141 1416 statim,
164 1337 281 1413 idest,
303 1337 392 1398 etiam
417 1341 486 1398 ante
503 1335 685 1399 decendium
705 1335 873 1399 executioni
900 1340 997 1417 potest

44 1425 160 1488 mundari
178 1424 325 1488 :haeresis
344 1425 427 1486 onim
441 1430 485 1486 est
498 1442 594 1486 unum
609 1443 646 1488 ex
666 1423 713 1486 his
731 1424 908 1486 criminibus
929 1442 997 1505 quae

44 1510 75 1572 ita
90 1513 286 1576 subversionis
310 1512 457 1576 societatis
475 1513 643 1594 periculum
663 1512 830 1591 inducunt,
853 1518 887 1576 ut
907 1531 997 1594 expe·

43 1598 94 1661 diat
104 1601 176 1664 illud
190 1603 283 1683 quim
298 1601 386 1663 citibs
400 1602 579 1682 reprimere,
596 1599 713 1683 agendo
727 1602 765 1664 ad
779 1603 873 1664 instar
886 1601 997 1683 gnber-

46 1688 149 1752 niorum
162 1689 353 1753 secularium
364 1709 431 1771 quae
443 1736 451 1766 ,
464 1691 650 1771 periclitante
661 1691 826 1774 republica,
840 1690 997 1752 tribunalia

47 1777 170 1841 militaria
183 1779 375 1840 instituenti
395 1778 504 1858 quibus
518 1777 650 1841 damnati
668 1779 818 1861 appellare
833 1787 997 1860 nequeunt.

48 1865 178 1928 Damnate
191 1873 292 1928 tamen
307 1865 448 1930 heretico
462 1885 524 1928 non
537 1866 704 1950 denegatur
717 1867 842 1930 facultas
856 1869 894 1930 ad
904 1869 998 1949 Supe-

48 1951 142 2015 riorem
162 1953 337 2016 recurrendi
352 1972 406 2036 per
426 1953 502 2016 uiam
517 1955 643 2036 querelae
662 1961 693 2018 et
710 1955 931 2037 supplicationis
945 2004 953 2032 ,
969 1969 1001 2022 ut

47 2043 226 2106 communitis
237 2043 371 2105 sentiunt
382 2045 445 2104 DD.
461 2044 591 2106 Possunt
604 2043 693 2105 ctiam
707 2043 838 2108 baeretici
853 2044 1002 2125 appellare

48 2128 112 2192 sicut
131 2131 231 2194 ceteri
251 2133 269 2193 a
289 2132 445 2194 sententiis
463 2131 704 2194 interlocutoriis.
728 2131 819 2214 (Vide
833 2132 943 2210 Bonis,
959 2131 1002 2193 lle

48 2215 146 2298 tauta,
157 2225 233 2282 tom.
250 2223 281 2296 Ξ,
293 2239 323 2301 p.
337 2222 421 2298 385.)

81 2309 163 2370 6033.
177 2309 245 2371 Non
260 2310 359 2372 solbm
370 2295 405 2370 in
414 2309 513 2372 causis
524 2308 593 2372 tidei
608 2311 664 2373 sirb
674 2310 764 2392 poend
778 2311 920 2375 nullitatis
934 2331 1004 2377 reus

47 2391 124 2457 debet
137 2397 220 2458 citari
234 2401 268 2459 ut
281 2397 418 2479 possitae
432 2396 592 2461 defendere
603 2405 660 2477 ..et
677 2400 786 2464 iterum
805 2401 889 2463 citari
904 2401 941 2463 ad
954 2421 1005 2464 au·

49 2481 178 2548 diendam
190 2485 386 2562 sententiam
401 2485 455 2548 sed
465 2487 521 2568 ipsi
536 2487 613 2550 sicut
623 2489 737 2550 ceteris
748 2488 808 2550 reis
813 2488 907 2567 judex
917 2488 1006 2551 debet

49 2567 112 2635 dare
128 2573 250 2655 plenam
267 2573 440 2637 facultatem
456 2593 522 2638 sese
540 2574 740 2652 defendendi,
759 2577 821 2637 imd
839 2576 929 2638 etiam
944 2595 1005 2639 non

50 2662 150 2737 petenti
174 2661 264 2726 debet
281 2680 320 2725 ex
333 2662 431 2726 officio
452 2662 525 2727 dare
537 2669 697 2726 consuetas
719 2661 924 2738 defensiones,
950 2685 1007 2730 nee

51 2745 129 2812 debet
144 2750 232 2814 illum
253 2751 398 2814 damnare
415 2751 472 2814 nisi
493 2769 547 2835 per
566 2753 688 2834 planam
705 2752 914 2835 probationem
932 2774 1004 2820 con·

52 2835 134 2900 rictus
146 2839 237 2902 fuerit
255 2839 410 2918 (Clement.
430 2839 608 2918 Pastoralis‚
623 2839 658 2904 de
669 2849 792 2905 scatent.
808 2851 838 2905 et
849 2863 882 2907 re
893 2845 1008 2927 jadic.;

54 2923 186 2991 Clamant.
202 2928 300 3010 Sceps,
322 2929 358 2990 de
370 2927 450 2992 verb.
468 2929 598 3012 apati),
618 2929 661 2994 sio
678 2932 810 3014 patet·id
828 2935 909 3016 quod
922 2936 1008 2999 toties

56 3015 240 3094 exprobratur
253 3018 285 3079 in
298 3017 533 3080 acatholicorum
547 3019 642 3098 libris,
657 3038 719 3083 non
733 3023 858 3084 concedi
867 3043 919 3086 reo
928 3025 1009 3106 apud

57 3099 83 3161 S.
95 3103 185 3167 Ollicii
198 3104 360 3168 tribunalia
372 3105 544 3169 facultatem
558 3125 622 3170 sese
637 3106 833 3185 defendendi,
850 3113 1009 3194 impudens

56 3205 110 3253 esse
131 3193 325 3256 mendacium
348 3198 379 3256 et
404 3213 518 3259 meram
540 3195 733 3262 calumniam.
757 3199 830 3262 Vide
851 3201 908 3262 alia
930 3199 1010 3280 apud

57 3275 140 3342 Bouir
154 3282 219 3362 (ib,
232 3301 264 3364 p.
280 3285 361 3362 383).
846 3365 849 3372 Ι

88 3371 174 3432 suat.
189 3401 229 3419 -
238 3375 289 3434 10⁰
297 3372 403 3444 Quoad
416 3377 505 3437 testes
514 3374 546 3437 in
559 3377 650 3440 causa
663 3377 822 3454 haereseos,
837 3377 1011 3458 regulariter

55 3454 161 3520 admitti
174 3466 303 3540 possunt
314 3463 405 3525 etiam
415 3465 485 3544 J'ure
499 3463 665 3527 inhabiles:
682 3483 744 3527 non
759 3470 862 3528 tamen
876 3467 1009 3547 inimici,

56 3559 106 3605 nec
126 3552 217 3610 testes
239 3548 385 3613 inhabiles
408 3551 559 3614 sufficiunt
584 3553 623 3615 ad
646 3552 932 3635 condemnandum,
960 3559 1012 3622 sed

58 3631 151 3697 solim
172 3636 212 3700 ad
235 3637 351 3702 facilius
373 3638 571 3722 detegendam
592 3641 745 3702 ueritatem
768 3641 1013 3727 adhibentur.ila
