2548 3988
503 243 741 292 preparandus.
1058 224 1116 290 306
1154 205 1159 214 ’

186 343 277 406 6662.
300 342 461 406 Diciturl⁰
483 344 611 406 Primos
629 363 684 426 par
700 347 872 425 potestatem
895 339 1116 403 ecclesiasticam

146 449 200 491 usa
213 431 405 514 quorumdam
429 432 566 496 doooram
583 430 809 516 spiritualium,
828 430 900 512 quia
913 449 1041 494 censura
1054 449 1115 494 nou

145 517 215 582 ideo
224 518 262 582 ab
274 521 408 585 Ecclesia
420 521 570 604 protertur
583 528 617 585 ut
628 521 723 605 privat
735 518 867 584 ommibus
876 519 964 582 bonis
978 519 1116 602 spiritua-

146 605 241 687 libus,
253 610 324 672 cbm
339 629 397 674 nec
410 613 501 674 etiam
515 611 546 674 id
561 612 654 694 possit
668 609 748 674 fieri:
761 609 874 692 quippe
883 607 946 670 tolli
962 613 1117 690 nequeunt

147 714 205 760 nec
223 705 356 762 caracter
377 701 619 779 sacramentalis,
641 718 699 763 nec
719 699 814 781 gratia
828 696 1037 777 sanctificans,
1061 717 1117 762 nec

146 787 406 852 virtutesmorales
414 796 444 852 at
455 790 575 869 infusae,
588 789 768 864 necmerita,
778 787 931 850 autetiam
940 788 1117 851 communio

148 875 327 941 Sanctarum
347 877 515 942 radicaliter
528 878 667 942 derivans
680 896 718 940 ex
737 876 796 939 fide
812 881 843 939 et
855 875 1013 953 charitate,
1031 884 1088 940 etc.
1107 895 1115 938 t

147 963 297 1046 siquidem
307 967 333 1029 is
346 967 400 1049 qui
415 987 575 1032 censuram
592 967 719 1030 incurrit
736 970 833 1048 potest
846 965 877 1027 in
894 964 1020 1046 gratiam
1034 984 1118 1028 sanc-

147 1051 311 1118 tificantem
320 1057 417 1120 redire
431 1063 595 1141 antequam
608 1055 729 1121 tollatur
740 1073 886 1132 censura3
903 1052 957 1116 sed
969 1053 1117 1136 protertur

147 1146 182 1206 ut
201 1143 296 1225 privet
312 1146 400 1208 certis
417 1145 506 1210 bonis
523 1145 727 1230 spiritualibus
744 1144 783 1208 ab
796 1143 929 1207 Ecclesia
942 1142 1113 1224 dependen-

147 1231 227 1295 tibus
240 1233 357 1316 ipsique
366 1236 597 1313 cammunibus‚
608 1231 802 1298 sacramentis
812 1251 939 1314 nempe,
955 1232 1115 1315 suffragiis,

147 1319 360 1404 indulgentiis,
382 1326 474 1388 sacris
488 1324 710 1404 functionibus,
729 1321 901 1402 benefieiis,
922 1328 980 1385 etc.
1001 1324 1043 1401 (S.
1066 1322 1117 1384 li-

147 1411 358 1492 goor.,ltb.·1,
374 1425 409 1477 n⁶
421 1416 466 1494 t.)

187 1499 277 1564 6363.
291 1501 353 1565 Etsi
367 1521 504 1568 censurae
517 1504 635 1587 privent
647 1502 792 1586 primarib
804 1501 893 1565 bonis
902 1500 1116 1584 spiritualibus,

148 1605 184 1652 ac
197 1589 325 1671 proinde
347 1591 407 1654 sint
427 1611 525 1674 poenae
545 1593 713 1676 spirituales
733 1609 803 1674 quse
825 1589 920 1653 asold
944 1591 1119 1654 auctoritate

148 1677 349 1743 ecclesiastica
370 1680 467 1765 infligi
485 1682 604 1759 valent,
620 1681 712 1744 etiam
725 1687 827 1742 tamen
845 1679 962 1762 privant
975 1680 1119 1743 indirecte

148 1769 238 1830 certis
249 1767 337 1832 bonis
349 1771 584 1854 temporalibus,
600 1788 710 1852 nempe
723 1788 783 1832 usu
804 1775 834 1832 et
847 1769 1030 1832 commercio
1043 1769 1118 1832 tide·

149 1855 242 1934 lium,
257 1858 336 1922 circa
353 1859 441 1942 plura
459 1858 653 1942 temporalia,
674 1863 709 1921 ut
731 1857 809 1920 inira
831 1855 940 1920 dicturi
954 1875 1061 1920 sumus
1074 1858 1119 1919 lo-

151 1945 272 2028 quando
285 1950 451 2029 praesertim
464 1947 504 2011 de
517 1946 840 2012 excommunicatione.

190 2037 279 2098 6364.
294 2037 436 2119 Specialis
449 2054 647 2102 censurarum
662 2035 827 2118 proprietas
841 2040 886 2098 est
899 2033 981 2117 qudd
994 2054 1031 2098 ex
1045 2035 1121 2118 scip·

150 2124 208 2203 sis,
231 2126 331 2187 statim
351 2145 387 2190 ac
410 2127 628 2206 incurrantur,
653 2124 863 2188 executionem
886 2122 1031 2203 habeant,
1055 2125 1121 2188 sine

150 2213 250 2296 aliqua
264 2213 323 2277 alia
336 2215 468 2281 humana
487 2219 606 2280 actione
620 2221 673 2278 aut
682 2213 792 2296 judicis
803 2213 1020 2293 declaratione,
1033 2214 1074 2276 ita
1087 2221 1122 2278 ut

152 2309 289 2368 teneatur
304 2315 480 2370 censuratus
489 2306 527 2369 ab
536 2307 572 2368 iis
581 2305 731 2368 abstinere
741 2323 811 2387 quaa
824 2303 880 2386 ipsi
894 2322 1121 2386 percensuram

151 2397 364 2480 prohibentur,
377 2415 439 2460 non
453 2397 571 2458 tantum
581 2395 612 2457 in
627 2393 765 2476 publica,
775 2391 829 2456 sed
839 2392 929 2455 etiam
943 2393 974 2455 in
989 2395 1119 2469 occulto,

151 2507 213 2551 non
239 2496 356 2553 tantum
380 2487 413 2550 in
433 2485 582 2548 territorio
600 2483 680 2545 illius
702 2481 756 2563 qni
774 2499 937 2544 censuram
962 2482 1045 2560 tulit,
1069 2481 1121 2543 sed

151 2595 345 2662 quocumque
355 2577 432 2652 ierit,
444 2574 542 2637 donec
554 2572 593 2636 ab
604 2574 639 2635 ca
653 2571 743 2636 luerit
754 2568 923 2633 absolutus:
940 2571 1042 2631 aGbm
1055 2588 1122 2633 exa·

150 2687 167 2729 a
190 2668 344 2730 cntionem
362 2662 635 2730 excommunicatio
652 2679 756 2724 secum
779 2657 894 2736 trahat,
910 2658 1009 2740 inquit
1027 2660 1120 2722 Inno-

151 2777 167 2818 a
192 2762 272 2820 cent.
287 2757 325 2819 lli
338 2758 414 2838 (cap.
429 2751 607 2830 Pastorolis,
617 2749 652 2814 de
665 2747 789 2832 appell,
801 2747 819 2829 ᾗ
833 2744 949 2828 Veram)
958 2753 988 2810 et
1001 2766 1122 2812 excom-

152 2867 168 2908 ι
194 2846 366 2909 manicatus
385 2863 440 2926 per
458 2840 720 2905 denuntiationem
738 2837 868 2920 amplius
888 2857 950 2900 non
970 2837 1119 2919 ligetur.»

153 2969 194 2982 -
217 2937 289 2998 Haec
312 2940 415 2997 autem
437 2931 481 2996 ris
502 2932 698 2994 censurarum
720 2945 782 2990 non
804 2928 900 2990 oritur
919 2946 956 2990 ex
974 2933 1124 3008 praecepto

154 3041 315 3086 censuram
327 3022 466 3101 terentis,
479 3021 532 3084 sed
545 3038 582 3082 ex
595 3017 769 3082 auctoritate
782 3017 923 3080 Ecclesiae
932 3033 986 3078 seu
1000 3017 1032 3077 S.
1048 3016 1125 3075 Pon·

155 3109 255 3174 tiliois.
268 3111 302 3176 ld
316 3117 432 3177 constat
444 3129 482 3173 ex
499 3107 667 3172 canonibus
685 3104 796 3188 quibus
817 3111 933 3168 vetatur
947 3121 985 3165 ne
1007 3121 1126 3164 excom-

156 3199 299 3263 manicati
314 3201 352 3264 ab
374 3219 437 3265 uno
456 3199 607 3282 Episcopo
629 3195 825 3259 admittantur
843 3195 881 3256 ab
901 3192 966 3255 aliis
985 3191 1024 3252 ad
1045 3209 1126 3252 com·

157 3289 356 3369 munionem,
370 3298 421 3354 aut
435 3287 573 3371 suspensi
596 3285 787 3348 absolvantur
801 3283 833 3344 in
847 3281 904 3344 alia
915 3279 1051 3356 diaecesi,
1067 3287 1122 3341 etc.

197 3381 286 3444 6366.
308 3379 394 3445 Circa
407 3379 472 3441 baro
485 3374 616 3440 notanda
629 3381 672 3437 est
687 3371 852 3456 propositio
864 3374 903 3433 ld
917 3372 934 3431 a
949 3368 1003 3431 Pio
1017 3369 1057 3430 Vl
1073 3386 1123 3450 per

157 3469 275 3535 Bullam
298 3471 457 3534 Auctorem
479 3463 550 3550 fidei
572 3465 746 3526 damnata:
767 3481 783 3521 o
803 3459 970 3544 Propositia
991 3475 1126 3522 asserens

156 3581 172 3620 a
195 3559 327 3642 effectam
348 3553 655 3622 excommunicationis
677 3550 853 3615 exteriorem
879 3548 1027 3612 daataaot
1051 3567 1123 3619 esse.

155 3672 172 3713 a
195 3651 266 3730 quia
285 3645 479 3713 tantummodo
494 3641 603 3708 naturai
615 3639 668 3705 auti
680 3638 815 3704 excludit
832 3638 870 3706 ab
887 3637 1032 3704 celeriori
1051 3657 1126 3700 com·
