2462 3984
854 161 860 200 t

172 278 230 343 160
256 289 314 316 “··
367 291 529 340 orrum
548 291 650 340 ronus
669 294 752 340 runrs
773 293 921 343 ennomus.

217 420 227 456 ι
267 417 284 454 u
304 393 472 456 positiones
484 392 627 456 dicuntur
647 391 752 456 breves
771 393 950 475 quoidam...
966 393 1145 458 assertiones

171 506 187 544 r
212 482 337 564 alicujus
350 481 419 544 iacti
433 481 603 544 eduensem
613 487 837 544 controversam
850 482 1043 564 pertinentis,
1056 501 1146 566 super

172 595 186 630 r
211 591 273 652 quo
296 571 406 654 petitur
429 570 467 634 ab
489 571 658 632 edversario
680 569 873 654 responderi3
896 570 1093 652 idque-ideo,
1114 579 1146 634 ut

172 682 187 721 o
212 679 366 742 ponens...
382 659 421 722 eb
434 678 527 722 onere
543 658 711 741 probandi,
731 677 786 740 per
799 657 1022 722 confessionem
1041 659 1145 723 adrer-

172 771 186 810 r
212 749 282 812 sarii
296 749 453 812 relevetur.
469 749 514 810 Ex
526 747 573 810 his
588 748 807 829 positionibus,
822 747 947 810 ertr'crdi
957 749 1146 832 appellentur

172 861 187 898 r
211 857 293 902 eae...
309 857 385 922 ques
397 857 468 901 reus
479 841 568 918 negot
581 843 611 899 et
624 843 846 917 consequenter
859 843 941 900 ector
955 837 1085 918 probare
1097 838 1147 901 de

172 949 187 987 o
212 927 272 991 bet.
289 951 304 988 c
321 925 587 1007 Schmeizgrueber
601 927 661 1007 (ep.
679 925 786 1004 Bouix,
799 923 854 1004 ib„
866 944 897 1008 p.
910 929 991 1005 207).

216 1041 232 1077 r
247 1015 524 1097 Positionesqurues
533 1013 623 1076 hodie
633 1013 824 1092 adhibentur,
834 1015 883 1094 jus
892 1013 978 1077 civite
988 1014 1144 1097 ignoravit,

172 1131 198 1174 s,
213 1114 303 1190 utque
317 1124 424 1168 eorum
435 1105 568 1186 primurn
587 1103 793 1166 meminerunt
803 1103 983 1183 Decretum,
999 1123 1027 1168 e.
1044 1109 1094 1183 54,
1113 1105 1147 1168 de

173 1219 188 1256 o
214 1195 325 1270 Eleon,
340 1201 397 1256 etc.
414 1216 429 1253 r
447 1194 571 1269 Dorou,
587 1191 754 1270 Deludic„
769 1193 814 1254 tit.
828 1197 859 1272 9,
874 1192 892 1275 ᾖ
905 1197 936 1267 5,
952 1193 985 1254 io
997 1193 1078 1257 notri.

213 1289 245 1347 2⁰
259 1285 304 1345 Ex
315 1283 361 1344 his
379 1279 501 1344 articuli
515 1285 586 1343 sunt
598 1298 635 1344 ee
662 1286 775 1344 asserta
790 1299 922 1363 quorum
942 1283 1097 1346 ueritatem
1115 1304 1147 1349 se

154 1443 158 1450 ,
173 1373 248 1436 velte
270 1371 415 1454 probare,
430 1385 485 1452 per
504 1373 594 1432 testes
607 1375 659 1432 eut
674 1369 892 1450 instrumento,
902 1361 997 1451 j'udici
1016 1371 1147 1436 docturi

174 1471 257 1524 notor
268 1465 319 1524 aut
333 1478 413 1524 reus.

213 1551 306 1632 iungi
320 1550 352 1611 in
371 1561 470 1612 unum
488 1555 615 1632 possunt
629 1547 747 1612 articuli
766 1553 797 1612 et
809 1547 992 1632 positiones,
1012 1548 1071 1613 use
1082 1549 1147 1612 tor-

174 1641 280 1704 muts:
303 1639 399 1702 Titius
416 1638 505 1721 pcrtit
525 1646 555 1702 et
570 1645 713 1721 quatenus
731 1644 855 1720 nepetur
870 1637 1000 1720 probare
1021 1639 1148 1702 intendit

176 1735 206 1793 t·
217 1777 224 1808 ,
237 1735 280 1808 ⁶2⁰,
296 1735 354 1793 ete.
544 1791 546 1796 ,

215 1821 245 1880 3⁰
261 1819 291 1882 Si
305 1817 431 1888 hocfiet
444 1817 476 1880 in
489 1815 639 1882 criminali
661 1833 822 1899 processu,
847 1815 1013 1900 positiones
1035 1821 1066 1880 et
1080 1819 1146 1882 orti·
1192 1823 1193 1826 ’

174 1909 438 1991 culiccpr'tulorum
453 1906 577 1970 nornine
586 1905 786 1988 appellantur.

215 2002 304 2062 5938.
315 1999 388 2061 Jure
399 1993 556 2059 communi
565 1993 730 2057 servandus
738 1995 856 2057 ridetur
864 2013 938 2058 usus
947 1995 1146 2078 positionum,

175 2088 390 2161 articulorum,
419 2091 470 2148 eut
494 2083 705 2167 capitulorum.
732 2083 766 2147 ld
789 2089 908 2147 constet
931 2101 969 2147 ex
998 2085 1146 2150 clement.
1216 2157 1217 2160 Ἴ

176 2177 263 2260 Soepe
276 2181 310 2254 i,
326 2173 360 2237 de
373 2173 452 2238 ceri.
470 2171 592 2254 siquis„
613 2179 644 2235 et
665 2191 732 2255 cup.
750 2173 887 2250 Qualiter
905 2181 936 2236 et
952 2173 1067 2254 quando
1087 2179 1145 2254 st,

175 2266 210 2328 de
224 2269 359 2328 Accusat.
374 2265 409 2324 ln
428 2261 532 2325 multis
550 2267 652 2326 umen
671 2261 763 2324 curiis
780 2261 989 2324 ecclesiasticis
1002 2263 1103 2344 (prout
1117 2265 1146 2325 in

177 2354 280 2433 uertit>
294 2351 418 2414 invaluit
430 2349 619 2413 contrutinet
631 2349 1021 2432 praescriptacensuetudo‚
1037 2359 1068 2413 et
1082 2359 1147 2434 post

176 2440 496 2516 mensurantem,
522 2437 622 2502 stetim
649 2437 857 2520 producuntur
883 2445 913 2502 et
937 2439 1147 2506 examinentur

176 2537 265 2595 testes
278 2549 369 2614 super
382 2527 532 2593 contentis
546 2527 578 2589 in
594 2527 705 2590 libello.

216 2624 244 2684 Is
266 2621 314 2684 cui
337 2619 501 2703 positiones
521 2615 690 2680 offeruntur
711 2618 778 2699 cogi
798 2623 895 2700 potest
915 2623 949 2682 ut
967 2619 1146 2703 respondeat

177 2712 253 2792 pure
267 2728 302 2772 eo
316 2707 490 2790 simpliciter
506 2724 560 2788 per
575 2705 700 2769 verbum
714 2705 811 2770 credit
830 2707 876 2770 rel
896 2725 953 2770 non
970 2709 1084 2781 credit:
1098 2719 1146 2773 sut

178 2801 202 2862 si
223 2799 331 2880 positio
351 2799 389 2858 sit
407 2795 515 2878 pertint
534 2813 620 2874 vere,
639 2794 748 2878 purtim
764 2793 853 2876 salsa,
873 2815 928 2880 per
947 2799 1074 2863 verbum
1093 2819 1145 2862 noc

177 2887 272 2950 credit
286 2895 319 2948 ct
325 2886 459 2969 ponitur.

217 2975 302 3056 Exigi
316 2975 406 3037 debet
411 2975 630 3054 iuramentum,
645 2979 675 3038 et
687 2975 706 3036 t
719 2979 850 3054 ponente
864 2974 932 3053 (nisi
947 2981 1028 3039 esset
1038 2977 1144 3041 Procu-

177 3074 262 3128 rator
273 3063 397 3135 fiscalis,
415 3063 487 3145 quin
500 3063 611 3126 suflicit
624 3062 717 3145 ipsius
729 3063 935 3142 juramentum
950 3066 1044 3129 sernel
1058 3067 1097 3130 ab
1112 3085 1146 3130 eo

178 3154 343 3236 prestitum
364 3152 402 3215 de
416 3151 543 3214 fideliter
557 3151 705 3234 explendo
724 3169 780 3214 suo
794 3155 932 3232 munere)
946 3155 1006 3215 eti
1024 3173 1146 3239 respon·

178 3243 278 3306 dente.
293 3243 325 3305 Si
338 3247 440 3304 temen
451 3241 620 3323 praestitum
639 3239 742 3303 fuisset
751 3241 960 3320 iuramentum
971 3243 1146 3322 calumnie,

178 3349 255 3413 opus
270 3349 332 3394 non
348 3337 427 3392 esset
438 3348 516 3392 novo
530 3330 721 3410 Jurarnento,
735 3328 792 3390 nisi
811 3345 880 3410 pers
893 3329 986 3394 altere
999 3331 1074 3396 iliud
1088 3335 1148 3397 exi·

179 3426 273 3499 geret.
288 3420 394 3498 (Bouix
406 3465 415 3496 ‚
427 3417 482 3496 it,
498 3438 529 3500 p.
545 3420 631 3498 212.)

219 3509 263 3566 De
272 3508 409 3568 terminis
425 3513 527 3568 autern
545 3505 787 3587 inponendum,
802 3507 840 3570 ed
853 3509 1074 3576 articulendunr
1084 3561 1093 3594 ‚
1105 3511 1150 3576 vei

181 3591 218 3654 ed
231 3592 474 3670 capitulandum‚
487 3599 518 3656 ot
531 3593 654 3674 insuper
664 3593 703 3654 de
714 3595 844 3658 termino
858 3597 1029 3678 probatorio
1046 3619 1101 3664 seu
1113 3599 1150 3664 nd

181 3675 371 3748 nubendum
379 3677 616 3758 reignetofride
624 3679 705 3760 rpud
713 3681 960 3748 eumdemBouix
970 3685 1082 3770 (ib.,p.
1093 3691 1149 3750 21³
