2452 3984
176 255 231 314 ⁴92
392 265 530 312 utrumn
550 265 650 313 rorans
670 267 751 314 suuis
772 267 937 322 tancmer„v

173 369 222 424 tur
233 409 241 440 ‚
254 364 339 441 juxte
357 366 419 424 tlt).
436 371 484 440 ut,
500 367 624 446 excepta
643 363 862 446 appellatione,
877 382 947 446 quac
960 363 997 426 od
1008 367 1128 446 Papam,

174 468 236 514 non
248 453 319 514 vend
333 451 371 513 od
379 452 641 534 Metropolitanum
652 453 716 515 lieri
726 451 829 528 debet,
841 452 934 515 iidem
947 453 1008 514 sint
1021 453 1131 516 effectus

174 542 284 603 caeleri.
301 540 419 618 (Bonis,
435 541 479 604 ne
490 540 601 616 ludio,
616 548 691 604 tom.
705 545 735 618 2,
756 560 786 620 p.
803 542 886 622 376.)

213 633 302 693 6028.
315 664 355 678 -
366 635 399 691 4⁰
414 631 490 692 Sede
504 637 636 701 vacante,
653 629 822 711 Capitulum
837 627 973 692 succedit
988 630 1134 693 ordinarie

1079 9 1082 22 l

174 719 309 800 potestati
332 720 364 780 in
389 719 563 792 haereticos,
580 718 631 779 sed
656 737 710 800 per
732 718 883 780 vicarium
905 719 987 780 illam
1009 737 1135 782 exercere
1204 755 1205 788 t

173 807 273 871 debet.
290 808 426 871 Vicurius
439 826 512 889 ergo
526 807 701 887 capitularis
715 815 757 869 est
775 805 943 868 ordinarius
963 807 1134 889 Inquisitor,
1202 801 1205 872 l

174 895 226 957 sed
242 915 302 960 non
317 902 430 980 potest,
450 897 526 959 sicut
537 897 720 977 Episcopus,
737 895 768 955 in
788 901 945 976 exemptos
962 895 1135 978 procedere,

174 987 244 1066 quia
260 1005 320 1048 non
335 986 468 1049 succedit
487 986 636 1066 Episcopo
651 985 681 1045 in
703 983 739 1044 iis
753 1002 820 1064 quae
839 983 881 1044 illi
896 991 1071 1066 competunt
1083 984 1137 1045 solo

172 1075 240 1155 jure
252 1075 398 1155 delegato.
414 1077 457 1136 lta
470 1073 665 1155 probabilius,
675 1075 759 1152 juxta
772 1072 955 1134 Laureolum
965 1075 1026 1155 (ap.
1040 1073 1136 1149 Bonis,

176 1161 230 1240 id,
246 1181 277 1244 p.
293 1167 374 1240 377).
390 1162 465 1225 Vide
479 1170 580 1224 tamen
594 1161 673 1224 dicta
686 1179 777 1242 supro
787 1163 897 1239 (¹257).

215 1250 330 1312 Praelati
342 1249 582 1329 jurisdictionem
603 1247 899 1332 quusi-episcopalem
914 1247 1061 1312 hahentes
1078 1253 1139 1312 snat

175 1337 265 1401 etiam
277 1337 395 1417 judices
408 1338 551 1400 ordinarii
566 1339 599 1400 in
613 1339 712 1400 causis
725 1336 806 1399 lidei.

215 1430 303 1490 6029.
319 1461 360 1474 -
373 1428 404 1488 5ο
418 1427 484 1491 Sive
498 1427 648 1490 ordinarit
662 1427 723 1488 sive
737 1425 871 1507 delegata
881 1432 1028 1508 potestate
1042 1446 1139 1510 proce·

174 1516 265 1596 dant,
281 1515 366 1577 illum
381 1517 412 1577 in
426 1515 618 1598 procedendo
631 1515 757 1577 niodum
771 1523 889 1576 servent
902 1517 1046 1600 Episcopi
1059 1535 1140 1598 quem
1206 1587 1207 1594 ¹

174 1604 371 1685 Inquisitores
384 1611 510 1686 possunt
523 1623 559 1667 ac
576 1604 687 1667 debent
700 1621 753 1684 per
766 1603 834 1682 jura
848 1605 1025 1668 communia
1039 1607 1081 1668 vel
1096 1625 1139 1687 per
1205 1623 1206 1632 ¹

175 1693 320 1774 speciales
344 1694 555 1756 concessiones
568 1693 654 1756 Sedis
678 1691 855 1774 Apostolicae
877 1691 1048 1757 observare.
1066 1697 1139 1778 (Cap.
1205 1713 1206 1780 3

176 1781 235 1844 Per
248 1782 300 1843 doe
311 1786 360 1860 tt,
372 1782 417 1844 tit.
433 1787 464 1860 2,
482 1783 534 1845 lib.
550 1785 579 1858 3,
597 1783 648 1844 lib.
666 1786 696 1858 6,
709 1782 739 1842 in
754 1783 811 1859 60.)

216 1876 247 1932 6ο
263 1871 420 1944 Quomodo
428 1877 529 1934 nutem
543 1889 608 1933 sese
621 1871 728 1932 habeat
739 1868 907 1948 jurisdictio
916 1869 1141 1952 delegatorum,

176 1965 242 2022 tum
261 1961 292 2022 in
316 1961 429 2042 seipso,
450 1966 515 2022 tum
539 1959 659 2022 relative
682 1958 720 2020 ad
742 1958 924 2040 Episcopos‚
945 1958 1015 2023 vide
1037 1961 1143 2025 diruam

177 2068 226 2132 ap.
244 2050 338 2112 Bouix
361 2049 427 2129 (iu,
442 2069 474 2131 p.
496 2051 648 2126 377-379).
664 2046 739 2110 Vide
758 2047 849 2109 etiam
867 2047 983 2112 dictum
1002 2067 1070 2132 cap.
1090 2051 1144 2114 Per

176 2138 228 2200 doc
241 2145 270 2200 et
284 2139 403 2200 citatam
417 2138 563 2200 clement.
580 2136 753 2198 Multorum.

216 2231 381 2290 douo-7⁰
397 2227 618 2306 «Inquisitores
627 2225 838 2306 regulariter...
853 2225 1145 2310 procederepossunt

176 2335 192 2376 n
217 2321 438 2376 contraomnes
453 2313 608 2375 haereticos
625 2331 792 2394 eorumque
805 2316 977 2394 credentes,
988 2321 1146 2398 receptato·
1207 2321 1209 2380 l

177 2425 192 2463 n
218 2421 281 2480 res,
296 2402 444 2474 sentires,
460 2401 651 2480 defensores,
667 2419 787 2466 necnon
807 2409 911 2467 contra
932 2403 1094 2467 infamatos
1106 2403 1145 2466 rel

177 2514 192 2552 n
218 2499 372 2574 suspectos
391 2489 429 2553 de
448 2489 553 2553 haeresi
572 2491 707 2572 (quinam
730 2493 801 2555 verd
823 2493 864 2555 illi
888 2493 964 2569 sint,
982 2492 1053 2556 vide
1076 2491 1146 2554 dicta
1208 2507 1209 2558 ἱ

178 2605 193 2640 n
218 2600 308 2662 supra
331 2581 420 2660 5840)
445 2579 605 2642 existentes
624 2580 656 2642 in
678 2580 849 2660 provincie,
873 2580 1015 2658 dioecesi,
1036 2581 1146 2644 civitate

178 2693 193 2729 u
218 2671 312 2731 alione
330 2670 397 2730 loco
415 2670 447 2730 in
469 2686 529 2750 quo
544 2668 616 2750 ipsis
636 2667 768 2731 officium
788 2669 993 2752 inquisitionis
1008 2676 1055 2732 est
1068 2686 1145 2732 com·

178 2781 193 2818 n
219 2759 357 2820 missum.
368 2779 383 2817 n
398 2759 441 2818 lta
452 2758 579 2819 Lauren.
596 2775 633 2820 ex
648 2758 737 2839 capit.
756 2761 916 2820 denuntio
930 2765 961 2820 et
973 2757 1026 2819 Ad
1035 2757 1146 2820 odolen·

178 2845 260 2923 dcam
272 2847 317 2908 tit.
332 2851 363 2922 7,
377 2845 429 2908 lib.
445 2849 611 2922 5Deoret.;
631 2865 699 2928 cap.
723 2845 928 2929 mesticium,
941 2846 1134 2910 delacereticis

179 2935 211 2998 in
225 2937 258 2998 6ο
272 2937 332 3018 (ap.
349 2935 455 3012 Bonis,
466 2933 522 3012 tu,
537 2954 568 3017 p.
584 2937 660 3015 380,
671 2937 752 3016 etc).

219 3027 311 3088 6031.
323 3057 362 3071 —
371 3027 403 3086 8⁰
416 3023 523 3086 Nullus
532 3032 633 3086 tomen
646 3023 808 3106 inquisitor
819 3024 974 3106 delegatus
986 3021 1146 3106 procedere

179 3121 278 3201 potest
295 3119 400 3177 contra
414 3113 614 3195 Episcopum,
632 3113 687 3175 nisi
708 3113 724 3174 lt
739 3113 816 3176 Sede
831 3114 1000 3195 apostolice
1014 3113 1104 3176 luerit
1119 3111 1144 3171 ei

180 3222 378 3281 concessum;
394 3203 447 3266 sed
467 3208 607 3265 tenentur
625 3202 818 3283 inquisitores
831 3203 1014 3284 Episcopum
1034 3199 1145 3264 haereti·

180 3313 252 3358 cum
266 3291 483 3356 denuntiares,
495 3290 634 3353 Pontifici
646 3295 723 3372 (cap.
736 3291 938 3372 Inquisitores,
948 3289 984 3352 de
993 3289 1143 3360 haereticis,

181 3385 213 3444 in
229 3387 261 3445 6ο
282 3389 331 3460 ‚et
344 3383 437 3444 Gonc.
451 3379 585 3442 Trident.
608 3397 681 3441 sess.
697 3383 747 3456 at,
759 3397 788 3440 c.
804 3383 835 3457 5,
846 3377 973 3460 deret).
985 3381 1145 3461 Episcopus

181 3476 283 3532 tamen
298 3471 328 3531 id
342 3475 442 3552 posset
455 3487 526 3550 erga
533 3468 716 3549 Episcopum
731 3469 762 3528 in
777 3471 831 3529 sut
843 3466 962 3530 dioecesi
978 3475 1143 3530 manentem

183 3559 262 3636 (cap.
277 3557 328 3618 Ad
341 3557 530 3634 abolendam,
551 3555 585 3617 de
606 3555 761 3635 terelle).
777 3589 817 3602 ·-
833 3559 895 3618 Nec
907 3555 1070 3634 ordinarii,
1094 3570 1144 3615 nec

174 3645 311 3724 delegati
324 3645 516 3730 Inquisitores
529 3643 692 3724 procedere
706 3651 832 3722 possunt
847 3651 951 3708 contra
959 3645 1044 3708 sedis
1054 3647 1144 3724 Apes·
