2452 3984
368 284 453 332 orara
473 283 605 340 rannus.
915 265 970 329 tsr

63 389 205 470 opponere
230 385 365 450 similiter
387 388 494 469 poterit
509 405 578 449 reus
598 387 789 468 exceptiones
804 393 975 468 percmpto-

34 477 96 552 riis,
110 495 172 557 quae
183 477 330 556 iudicium
340 478 466 538 omnino
480 475 731 551 cessarelaciunt,
745 483 777 537 ut
786 482 832 546 est
840 476 976 556 exceptio

35 563 79 627 litis
90 562 188 642 bnitae,
203 565 343 646 perjurii,
359 564 402 627 rei
419 563 559 644 judicatae
572 611 579 642 ,
594 563 820 640 transactionis,
835 564 979 626 nullitatis

35 657 183 732 processis,
207 653 285 734 pacti
308 651 347 716 de
369 671 431 716 non
445 651 596 736 petendo,
621 660 678 715 etc.
699 652 775 715 Vide
798 651 875 714 dicta
889 669 980 734 supra

37 741 220 821 (sous-5911).

66 855 142 915 6040.
162 855 242 916 luter
259 853 451 936 exceptiones
470 854 686 936 peremptorias
705 852 872 934 computari
894 851 982 914 debet

37 943 209 1023 prescriptio,
229 959 392 1024 perquam
406 943 494 1004 bonae
509 942 578 1004 fidei
602 959 772 1024 possessor,
788 947 856 1022 post
875 940 983 1000 decur-

38 1047 90 1090 sum
102 1031 237 1112 temporis
252 1032 271 1092 6
284 1029 350 1111 lege
361 1029 519 1094 delinitum
533 1079 540 1106 ,
556 1025 714 1092 dominum
729 1045 794 1092 rein
809 1046 896 1090 sunm
907 1028 983 1109 pris-

36 1118 111 1180 tinam
122 1124 307 1201 repetentem
320 1119 367 1182 vel
380 1119 505 1200 antiquo
518 1137 574 1182 suo
585 1121 653 1199 iure
667 1117 709 1181 uti
724 1117 875 1180 volentem
885 1115 984 1198 repet·
1061 1111 1065 1118 '

37 1206 83 1268 lare
96 1215 193 1289 polest.

67 1322 143 1382 6041.
163 1318 339 1383 introducta
352 1320 486 1402 primurn
500 1319 520 1383 i'
532 1321 598 1403 lege
611 1321 689 1384 civili
706 1321 751 1398 (L.
775 1323 790 1384 1
807 1325 836 1384 61
850 1338 928 1404 seq,
951 1319 983 1383 tr.

35 1405 60 1468 c'e
71 1413 187 1492 mucop.)
201 1408 383 1472 confirmata
395 1409 452 1472 fnit
464 1410 573 1472 deinde
586 1409 770 1492 praescriptio
783 1411 801 1472 t
816 1409 881 1491 lege
889 1409 986 1474 eccle·

34 1495 130 1560 siastici
139 1503 179 1580 (v.
191 1515 260 1580 cap.
272 1498 704 1582 11191166415,(16666666164.),
715 1498 851 1580 valetque
860 1497 987 1580 proinde

34 1583 107 1646 etiam
119 1587 147 1647 in
165 1587 235 1648 loro
256 1587 464 1664 conscientia,
486 1588 577 1650 modo
594 1587 710 1649 debitas
724 1587 831 1649 habeat
844 1586 988 1650 conditio-

35 1689 78 1734 nes
90 1695 96 1733 :
109 1675 244 1740 videlicet
259 1677 291 1736 1ο
305 1682 338 1738 ut
351 1694 399 1737 res
411 1676 505 1757 possit
518 1676 669 1758 praescribi
682 1697 689 1750 ;
703 1681 736 1738 2⁰
749 1676 787 1738 sit
803 1676 881 1738 bona
897 1675 984 1752 bdes;

34 1763 59 1820 3Β
69 1763 156 1840 justus
169 1763 297 1840 titulus;
312 1765 344 1826 ll
357 1764 504 1846 possessio
520 1783 571 1847 per
593 1771 713 1846 tempus
732 1765 900 1845 legitimum
914 1783 987 1827 con-

36 1850 140 1916 littuala.

68 1967 183 2030 l’tbrca
197 1966 328 2049 prtmam
338 1965 541 2030 conditionem
555 1965 719 2030 dicendum
734 1965 815 2046 qubd
827 1984 888 2028 non
899 1965 992 2048 possit

33 2055 171 2132 praescribi
186 2061 292 2118 contra
312 2055 514 2119 obedientiam
529 2055 682 2137 Superiori
696 2053 843 2126 debitam,
866 2073 990 2134 pracser-

33 2143 77 2204 tim
88 2145 110 2205 si
127 2145 195 2207 haeo
208 2143 380 2208 obedientia
393 2145 431 2206 sit
452 2163 489 2208 ex
500 2146 569 2226 iure
589 2143 690 2206 divino
708 2142 818 2205 debita.
834 2175 873 2188 -
888 2142 993 2216 Quoad

33 2229 128 2295 limites
140 2232 355 2316 parochiamm
369 2239 399 2297 et
411 2233 604 2309 dioecesium,
620 2232 688 2296 vide
701 2232 781 2296 dicta
793 2249 884 2315 supro
900 2235 990 2314 (358).

64 2325 149 2386 6048.
175 2356 217 2369 -
237 2327 269 2385 2⁰
290 2323 373 2386 Bona
387 2322 459 2406 fides
473 2323 577 2386 saltem
591 2341 647 2406 pro
669 2322 854 2386 conscientia
868 2323 993 2405 requiri·

31 2414 73 2472 tur
97 2417 160 2474 toto
183 2419 321 2493 tempore
343 2411 381 2475 ad
405 2412 662 2495 praescribendum
684 2411 837 2492 requisito.
860 2414 905 2473 lta
924 2431 991 2494 cap.

32 2499 180 2578 prelatum
191 2507 222 2563 et
235 2519 301 2583 cap.
314 2499 412 2564 ultim.
424 2499 459 2563 dc
469 2503 653 2583 proecmpt,
668 2501 720 2562 ubi
730 2503 835 2561 lnnoc.
852 2500 892 2560 lll
901 2499 992 2560 dicit:

36 2609 48 2644 r
67 2589 208 2667 synodali
224 2590 338 2670 Judicio
350 2589 516 2652 diffinimus
530 2597 564 2652 ut
578 2589 660 2651 nulla
682 2587 776 2650 valeat
789 2587 902 2668 absque
916 2586 995 2650 hona

33 2697 45 2732 t
67 2675 124 2741 tide
138 2679 324 2762 praescriptio
343 2681 407 2742 tim
431 2679 577 2742 canonica
590 2681 683 2759 quam
697 2675 800 2738 civilis.
818 2677 995 2759 cumgene·

33 2789 45 2826 n
68 2767 167 2830 ralitcr
177 2767 217 2830 sit
226 2767 309 2829 omni
319 2769 527 2832 constitutioni
536 2773 626 2850 atque
636 2765 845 2830 consuetudini
854 2765 997 2848 derogan-

35 2856 161 2935 odam,
185 2875 255 2938 quaa
278 2857 391 2938 absque
413 2857 531 2920 mortali
553 2863 676 2938 peccato
695 2875 757 2918 non
780 2863 876 2938 potest
893 2857 996 2921 obser·

34 2967 47 3000 n
70 2947 128 3008 rari
148 2968 156 3007 c
172 2945 255 3008 unde
269 2953 403 3027 oportet,
418 2947 517 3028 utqui
532 2945 707 3028 praescribit,
724 2946 755 3007 in
768 2944 850 3008 calici
861 2949 997 3031 temporis

36 3055 50 3090 ι
69 3043 153 3116 purte
166 3035 213 3097 rei
225 3034 330 3098 1666661
342 3037 545 3099 conscentiam
558 3035 672 3098 aliene.
693 3057 709 3096 o

72 3149 160 3210 6049.
182 3177 224 3194 -
243 3147 277 3210 3·
297 3147 355 3210 Per
371 3147 489 3230 justum
506 3145 626 3209 titutum
640 3147 813 3230 intelligitur
826 3149 875 3211 ille
889 3149 940 3230 qni
962 3166 999 3210 cx

34 3251 66 3294 se
88 3234 194 3298 habilis
212 3242 290 3298 esset
309 3235 348 3299 ad
369 3237 611 3300 transferendum
637 3237 806 3301 dominium
828 3238 853 3300 si
873 3255 909 3299 ex
929 3255 999 3298 vero

33 3321 156 3386 domino
170 3324 366 3408 procederet,
380 3331 414 3389 ut
430 3326 569 3404 donatio,
586 3328 718 3408 emptio,
742 3325 920 3398 transactio,
937 3343 1000 3386 uno

34 3411 123 3472 uerbo
136 3413 242 3477 titulus
257 3415 405 3496 putativus
419 3416 619 3478 translationis
637 3415 764 3478 dominii
777 3413 822 3476 vel
834 3412 924 3492 iuris;
939 3431 1000 3474 non

36 3507 134 3564 autern
147 3503 390 3583 commodatum,
404 3505 585 3587 depositum,
598 3510 656 3568 etc.
672 3502 758 3576 Quod
771 3509 871 3565 nutem
884 3500 951 3566 talis
963 3503 1001 3565 ti·

35 3586 116 3650 tulus
129 3593 299 3673 requiratur
312 3593 464 3656 ordinarie
477 3592 515 3656 ad
529 3593 745 3676 acquirendum
759 3590 928 3653 dominium
949 3611 1002 3673 pcr

37 3680 293 3763 prescriptionem
301 3728 309 3760 ,
317 3687 434 3745 constat
444 3701 480 3746 ex
488 3701 515 3746 6.
527 3681 565 3744 Si
571 3681 710 3761 diligenti
720 3684 768 3756 11,
778 3679 813 3740 de
820 3680 1000 3761 praescript,
