2526 3988
196 270 216 328 6
416 283 553 330 annulus
574 282 676 330 rorrus
696 281 777 332 sums
798 280 948 330 canorum.

196 385 319 467 quando
341 404 402 448 unu
425 403 494 467 pars
516 389 562 447 est
579 391 662 447 octar
682 389 712 448 et
732 385 825 448 altera
843 402 929 460 reum
948 385 1079 470 duplicia
1099 390 1174 452 verb
1255 359 1256 364 ἵ

195 474 317 555 quando
331 481 458 556 utraque
472 492 541 558 pars
554 479 600 535 est
612 473 702 536 simul
718 479 800 536 actor
817 480 847 536 et
859 493 948 554 reus,
963 475 1046 557 quod
1062 477 1174 540 accidit

195 563 317 645 quando
331 570 459 645 uterque
472 563 593 645 litigans
610 562 739 626 alterum
752 563 893 626 convenit
905 569 935 626 et
955 564 1068 646 aliquid
1081 564 1120 628 ab
1133 584 1175 630 eo

196 653 278 733 petil.

235 773 410 836 suaa-6⁰
424 774 459 836 ln
476 770 591 852 iudicia
607 770 717 854 primae
736 769 782 833 vel
800 769 932 833 secundo
946 771 1113 846 instantiae,
1128 771 1174 834 rel
1256 785 1257 860 1

195 860 349 943 ‹lofinr'tiuo
359 867 472 965 ,prout
490 859 578 924 datur
588 860 635 924 vel
649 877 712 924 non
723 858 848 923 incultas
861 859 1032 942 appellandi
1046 858 1084 922 ad
1093 859 1176 939 judi·
1256 869 1257 886 ¹

197 968 263 1012 rem
279 967 477 1033 superiorem.

235 1065 399 1126 stoue-7⁰
408 1065 441 1124 ln
451 1063 564 1143 judicia
577 1062 732 1148 bonoefidci
740 1060 977 1142 etatrictijurir.
993 1061 1175 1126 «dedictum

196 1175 210 1208 1
237 1151 316 1214 bunc
327 1149 400 1233 fidei
412 1151 498 1214 estin
511 1169 573 1234 quo
584 1151 709 1214 liberam
724 1156 902 1233 potestatem
917 1151 935 1212 a
948 1149 1015 1232 lege
1029 1151 1084 1212 sibi
1100 1170 1176 1215 con·
1257 1217 1258 1238 p

197 1266 210 1298 a
236 1257 351 1302 cessam
360 1239 452 1321 judex
461 1239 568 1317 babet,
578 1247 613 1304 ut
626 1241 775 1304 aestimare
789 1257 925 1322 exaequo
939 1245 970 1303 et
984 1240 1064 1303 bono
1077 1241 1175 1322 possit
1257 1241 1258 1316 Ῑ

197 1354 211 1386 n
236 1331 383 1411 quantum
398 1330 492 1392 actori
510 1329 624 1394 restitui
639 1329 763 1408 debeat;
780 1329 916 1410 adeoque
929 1329 1100 1410 adjudicare
1115 1329 1175 1391 ali·
1257 1377 1258 1396 .

198 1443 210 1474 n
236 1419 309 1500 quid
329 1425 444 1500 potest,
468 1419 591 1502 dequo
616 1421 692 1482 inter
716 1427 815 1501 partes
835 1419 915 1480 baud
940 1427 1122 1480 conventum
1143 1423 1176 1480 ct

197 1532 211 1564 1
236 1508 318 1590 quod
329 1510 359 1570 in
372 1509 472 1572 libello
482 1528 543 1571 non
558 1517 602 1572 cst
612 1510 748 1591 petitum.
764 1508 876 1571 Stricti
876 1507 961 1588 juris
967 1507 1116 1588 judicium
1126 1515 1175 1570 cst

197 1621 211 1655 a
238 1599 268 1658 in
283 1616 343 1678 quo
360 1598 485 1662 facultas
504 1599 614 1679 judicis
629 1605 676 1661 est
692 1597 843 1674 restricta,
857 1598 896 1660 ita
911 1604 942 1659 ul
957 1597 1033 1658 ultra
1045 1595 1074 1657 id
1089 1597 1173 1677 quod

197 1710 211 1745 1
236 1688 282 1750 161
297 1687 475 1749 nominatim
489 1689 566 1750 inter
580 1694 678 1770 partes
689 1694 805 1764 actum,
815 1685 861 1770 vel
874 1685 1040 1768 specialiter
1054 1685 1175 1766 legibus
1258 1681 1259 1722 ³

198 1801 211 1835 1
236 1777 274 1838 de
298 1778 417 1858 negolio
441 1785 563 1840 cautum
584 1785 648 1852 ast,
673 1778 821 1840 sententia
838 1795 893 1840 sua
915 1792 977 1837 non
993 1777 1088 1855 possit
1105 1795 1175 1858 pro-

198 1889 211 1924 »
237 1865 358 1947 gredi...
373 1869 598 1929 Enumerantur
610 1873 712 1928 autem
725 1867 858 1929 actiones
873 1865 961 1926 bonae
971 1863 1040 1925 tidei
1050 1882 1160 1929 omnes

199 1982 212 2020 1
236 1957 254 2038 ξ
268 1955 436 2030 Actionem,
448 1956 569 2034 181111.
582 1955 616 2018 da
628 1957 736 2018 action.
749 1957 867 2020 Caeterae
886 1973 954 2037 quae
967 1953 1007 2016 ibi
1025 1973 1085 2016 non
1100 1965 1174 2020 sunl

198 2071 212 2107 n
236 2047 358 2130 positae,
381 2047 474 2110 stricti
499 2047 576 2128 juris
603 2054 813 2109 censentur.»
839 2045 882 2108 lta
905 2043 1174 2126 Schmalzgrueber

199 2138 289 2220 (apud
304 2137 419 2216 Bouix‚
436 2137 491 2216 io,
504 2145 577 2199 tom.
591 2140 620 2215 l,
635 2157 667 2218 p.
684 2137 743 2212 18).

238 2255 328 2315 soal.
353 2255 520 2331 Antequam
532 2247 1174 2328 materiamdeiudiciisecclesiasticisexor-

199 2342 333 2416 diamur,
349 2339 381 2402 in
395 2339 573 2400 memoriam
592 2336 794 2400 revocandum
815 2343 861 2399 est
883 2337 963 2418 quod
982 2338 1014 2398 in
1028 2337 1173 2419 Prolego-

199 2429 297 2492 menis
309 2427 440 2490 diximus
454 2429 529 2506 (la),
552 2445 663 2507 nempe
677 2425 757 2507 quod
779 2426 848 2489 licet
870 2426 908 2488 de
929 2443 961 2488 se
975 2426 1056 2506 leges
1070 2427 1173 2491 civiles

199 2518 273 2580 nihil
288 2517 402 2580 valeant
413 2517 605 2598 praescribere
620 2517 650 2578 in
662 2515 789 2598 negotiis
798 2515 1023 2590 ecclesiasticis,
1039 2521 1172 2579 attamen

199 2613 215 2669 11
230 2607 307 2670 Sede
320 2607 488 2690 apostolica
502 2605 651 2668 sancitum
664 2604 755 2668 luerit
768 2606 946 2686 generaliter
960 2609 1013 2682 ut,
1028 2605 1079 2665 ubi
1094 2605 1172 2667 deli-

200 2703 279 2759 66161
290 2698 366 2776 juris
379 2697 516 2758 canonici
532 2696 653 2776 regula,
669 2694 705 2756 ad
717 2697 767 2774 Jus
781 2712 942 2756 romanum
955 2693 1020 2772 (seu
1031 2694 1173 2756 lustinia-

202 2789 285 2864 num)
300 2785 516 2848 recurrendum
538 2791 627 2846 esset.
647 2805 662 2842 1
683 2785 766 2846 Sicut
784 2783 866 2865 leges
885 2801 946 2844 non
969 2781 1173 2862 dedignantur

200 2898 214 2931 n
239 2891 339 2936 sacros
352 2891 483 2935 canones
497 2873 618 2949 imitari,
634 2873 733 2954 inquit
743 2873 854 2935 Lucius
866 2873 904 2934 lll
919 2875 995 2952 (cap.
1012 2871 1169 2932 Intellexi-

200 2986 215 3020 »
238 2966 351 3038 must,
367 2963 482 3041 11131,
502 2962 554 3025 lib.
579 2965 761 3041 51166161),
783 2963 823 3024 ita
846 2968 876 3023 ct
894 2979 1048 3023 sacrorum
1063 2967 1172 3022 statuta

201 3075 215 3111 1
240 3069 392 3114 canonum
412 3051 585 3134 principum
610 3051 871 3114 constitutionibus
894 3049 1081 3129 adiuvantur.
1098 3071 1113 3107 11
1130 3083 1172 3097 -

202 3141 260 3204 Sed
281 3140 340 3204 boc
363 3141 463 3203 locum
485 3141 574 3203 babet
595 3139 740 3203 duntaxat
761 3141 792 3202 in
814 3139 905 3202 rebus
920 3138 998 3199 merl
1013 3137 1169 3219 profanis,

202 3252 228 3292 v.
245 3251 289 3313 3.,
304 3231 382 3294 circa
397 3237 582 3307 contractum
598 3241 627 3293 ct
636 3231 799 3312 requiritur
812 3234 846 3292 ut
858 3227 940 3290 nulla
960 3247 996 3290 ex
1019 3233 1102 3308 parte
1116 3225 1169 3288 ad·

203 3327 357 3384 vorsentur
370 3319 445 3382 sacri
458 3337 590 3382 canones
604 3320 693 3400 (Vide
703 3318 816 3380 Bened.
831 3319 909 3392 XlV,
919 3315 1058 3397 068311,
1074 3315 1126 3377 lib.
1137 3319 1170 3395 9,

203 3429 230 3470 6.
249 3411 319 3488 m);
336 3409 453 3491 hocque
467 3410 558 3470 etlam
574 3417 616 3470 est
631 3408 685 3470 soli
697 3409 757 3487 juri
777 3424 904 3468 romano
918 3405 1094 3486 proprium,
1113 3422 1170 3467 nec

204 3503 298 3578 potest
320 3498 437 3559 extendi
453 3497 490 3560 ad
503 3505 626 3559 caeteros
643 3497 781 3572 codices,
798 3496 859 3556 sive
877 3495 1017 3574 antiquos
1032 3493 1092 3554 slve
1114 3489 1169 3554 bo·

205 3585 335 3648 diernos.
350 3587 390 3648 Ut
403 3587 470 3667 quis
483 3603 556 3667 ergo
573 3587 687 3665 peritus
700 3583 751 3646 liat
764 3584 795 3644 in
811 3583 879 3660 jure
893 3582 1059 3656 canonico,
1082 3579 1170 3642 debet

205 3674 293 3736 etiam
308 3679 338 3736 et
349 3675 397 3752 jus
411 3691 572 3735 romanum
586 3673 750 3736 addiscens.
767 3669 843 3732 Vide
857 3669 964 3742 Bouix.
980 3667 1033 3736 ib..
1050 3675 1123 3730 tom.
1138 3669 1167 3744 1,
