<?xml version="1.0" encoding="UTF-8"?>
<!DOCTYPE html PUBLIC "-//W3C//DTD XHTML 1.0 Transitional//EN"
    "http://www.w3.org/TR/xhtml1/DTD/xhtml1-transitional.dtd">
<html xmlns="http://www.w3.org/1999/xhtml" xml:lang="en" lang="en">
 <head>
  <title>
</title>
<meta http-equiv="Content-Type" content="text/html;charset=utf-8" />
  <meta name='ocr-system' content='tesseract 3.04.00' />
  <meta name='ocr-capabilities' content='ocr_page ocr_carea ocr_par ocr_line ocrx_word'/>
</head>
<body>
  <div class='ocr_page' id='page_1' title='image "./manualetotiusju02craigoog/manualetotiusju02craigoog_0358.png"; bbox 0 0 2548 3988; ppageno 0'>
   <div class='ocr_carea' id='block_1_1' title="bbox 482 192 1082 252">
    <p class='ocr_par' dir='ltr' id='par_1_1' title="bbox 482 192 1082 252">
     <span class='ocr_line' id='line_1_1' title="bbox 482 192 1082 252; baseline 0.022 -13"><span class='ocrx_word' id='word_1_1' title='bbox 482 195 567 240; x_wconf 80' lang='lat' dir='ltr'><strong>arran</strong></span> <span class='ocrx_word' id='word_1_2' title='bbox 588 197 716 243; x_wconf 79' lang='lat' dir='ltr'><strong>renatus.</strong></span> <span class='ocrx_word' id='word_1_3' title='bbox 1021 192 1082 252; x_wconf 78' lang='lat' dir='ltr'><strong>3lu</strong></span> 
     </span>
    </p>
   </div>
   <div class='ocr_carea' id='block_1_2' title="bbox 111 287 1084 466">
    <p class='ocr_par' dir='ltr' id='par_1_2' title="bbox 111 287 1084 466">
     <span class='ocr_line' id='line_1_2' title="bbox 112 287 1084 383; baseline 0.013 -29"><span class='ocrx_word' id='word_1_4' title='bbox 112 296 160 354; x_wconf 87' lang='lat' dir='ltr'><strong>tas</strong></span> <span class='ocrx_word' id='word_1_5' title='bbox 172 287 377 354; x_wconf 71' lang='lat' dir='ltr'><strong>absolvendis</strong></span> <span class='ocrx_word' id='word_1_6' title='bbox 396 292 533 354; x_wconf 80' lang='lat' dir='ltr'>censuris</span> <span class='ocrx_word' id='word_1_7' title='bbox 552 292 625 375; x_wconf 91' lang='lat' dir='ltr'><strong>ipsis</strong></span> <span class='ocrx_word' id='word_1_8' title='bbox 644 296 788 374; x_wconf 75' lang='lat' dir='ltr'><strong>annexis,</strong></span> <span class='ocrx_word' id='word_1_9' title='bbox 804 315 1004 383; x_wconf 76' lang='lat' dir='ltr'><strong>quacumque</strong></span> <span class='ocrx_word' id='word_1_10' title='bbox 1015 303 1084 367; x_wconf 85' lang='lat' dir='ltr'><strong>sint</strong></span> 
     </span>
     <span class='ocr_line' id='line_1_3' title="bbox 111 380 1080 466; baseline 0.014 -24"><span class='ocrx_word' id='word_1_11' title='bbox 111 394 264 458; x_wconf 80' lang='lat' dir='ltr'><strong>censure,</strong></span> <span class='ocrx_word' id='word_1_12' title='bbox 274 380 613 461; x_wconf 79' lang='lat' dir='ltr'><strong>excommunicationes,</strong></span> <span class='ocrx_word' id='word_1_13' title='bbox 622 385 836 466; x_wconf 74' lang='lat' dir='ltr'><strong>suspensiones</strong></span> <span class='ocrx_word' id='word_1_14' title='bbox 848 393 901 451; x_wconf 90' lang='lat' dir='ltr'><strong>aut</strong></span> <span class='ocrx_word' id='word_1_15' title='bbox 912 388 1080 456; x_wconf 70' lang='lat' dir='ltr'><strong>interdicte.</strong></span> 
     </span>
    </p>
   </div>
   <div class='ocr_carea' id='block_1_3' title="bbox 412 557 792 751">
    <p class='ocr_par' dir='ltr' id='par_1_3' title="bbox 412 557 792 751">
     <span class='ocr_line' id='line_1_4' title="bbox 526 557 665 624; baseline 0 0"><span class='ocrx_word' id='word_1_16' title='bbox 526 557 607 624; x_wconf 83' lang='lat' dir='ltr'><strong>tttt.</strong></span> <span class='ocrx_word' id='word_1_17' title='bbox 630 560 665 624; x_wconf 93' lang='lat' dir='ltr'><strong>ll.</strong></span> 
     </span>
     <span class='ocr_line' id='line_1_5' title="bbox 412 701 792 751; baseline 0.008 -3"><span class='ocrx_word' id='word_1_18' title='bbox 412 701 450 748; x_wconf 83' lang='lat' dir='ltr'><strong>or</strong></span> <span class='ocrx_word' id='word_1_19' title='bbox 470 701 610 750; x_wconf 81' lang='lat' dir='ltr'><strong>crusnam</strong></span> <span class='ocrx_word' id='word_1_20' title='bbox 630 703 660 749; x_wconf 87' lang='lat' dir='ltr'><strong>ru</strong></span> <span class='ocrx_word' id='word_1_21' title='bbox 681 703 792 751; x_wconf 79' lang='lat' dir='ltr'><strong>sarcir.</strong></span> 
     </span>
    </p>
   </div>
   <div class='ocr_carea' id='block_1_4' title="bbox 115 831 1085 1108">
    <p class='ocr_par' dir='ltr' id='par_1_4' title="bbox 115 831 1085 1108">
     <span class='ocr_line' id='line_1_6' title="bbox 156 831 1084 917; baseline 0.014 -23"><span class='ocrx_word' id='word_1_22' title='bbox 156 835 246 896; x_wconf 77' lang='lat' dir='ltr'><strong>utar.</strong></span> <span class='ocrx_word' id='word_1_23' title='bbox 262 831 399 896; x_wconf 85' lang='lat' dir='ltr'><strong>Diximus</strong></span> <span class='ocrx_word' id='word_1_24' title='bbox 420 839 481 896; x_wconf 87' lang='lat' dir='ltr'><strong>tres</strong></span> <span class='ocrx_word' id='word_1_25' title='bbox 500 853 565 897; x_wconf 87' lang='lat' dir='ltr'><strong>esse</strong></span> <span class='ocrx_word' id='word_1_26' title='bbox 583 835 699 917; x_wconf 90' lang='lat' dir='ltr'><strong>specics</strong></span> <span class='ocrx_word' id='word_1_27' title='bbox 717 855 937 903; x_wconf 81' lang='lat' dir='ltr'><strong>censurarum:</strong></span> <span class='ocrx_word' id='word_1_28' title='bbox 961 850 1084 906; x_wconf 82' lang='lat' dir='ltr'><strong>excom·</strong></span> 
     </span>
     <span class='ocr_line' id='line_1_7' title="bbox 115 919 1085 1009; baseline 0.012 -25"><span class='ocrx_word' id='word_1_29' title='bbox 115 919 354 984; x_wconf 84' lang='lat' dir='ltr'><strong>manicationem</strong></span> <span class='ocrx_word' id='word_1_30' title='bbox 368 920 514 998; x_wconf 83' lang='lat' dir='ltr'><strong>videlicet,</strong></span> <span class='ocrx_word' id='word_1_31' title='bbox 531 925 758 1006; x_wconf 86' lang='lat' dir='ltr'><strong>suspensionem</strong></span> <span class='ocrx_word' id='word_1_32' title='bbox 769 933 799 988; x_wconf 91' lang='lat' dir='ltr'><strong>et</strong></span> <span class='ocrx_word' id='word_1_33' title='bbox 812 927 1014 1009; x_wconf 89' lang='lat' dir='ltr'><strong>interdictum;</strong></span> <span class='ocrx_word' id='word_1_34' title='bbox 1023 941 1085 996; x_wconf 88' lang='lat' dir='ltr'><strong>tres</strong></span> 
     </span>
     <span class='ocr_line' id='line_1_8' title="bbox 115 1009 892 1108; baseline 0.01 -34"><span class='ocrx_word' id='word_1_35' title='bbox 115 1027 191 1092; x_wconf 70' lang='lat' dir='ltr'><strong>ergo</strong></span> <span class='ocrx_word' id='word_1_36' title='bbox 204 1009 382 1094; x_wconf 77' lang='lat' dir='ltr'><strong>paragraphi</strong></span> <span class='ocrx_word' id='word_1_37' title='bbox 395 1017 485 1074; x_wconf 90' lang='lat' dir='ltr'><strong>erunt</strong></span> <span class='ocrx_word' id='word_1_38' title='bbox 498 1030 530 1074; x_wconf 91' lang='lat' dir='ltr'><strong>m</strong></span> <span class='ocrx_word' id='word_1_39' title='bbox 542 1011 601 1077; x_wconf 91' lang='lat' dir='ltr'><strong>hoc</strong></span> <span class='ocrx_word' id='word_1_40' title='bbox 613 1014 747 1078; x_wconf 88' lang='lat' dir='ltr'><strong>secundo</strong></span> <span class='ocrx_word' id='word_1_41' title='bbox 756 1016 892 1108; x_wconf 78' lang='lat' dir='ltr'><strong>amiculo.</strong></span> 
     </span>
    </p>
   </div>
   <div class='ocr_carea' id='block_1_5' title="bbox 567 1197 630 1282">
    <p class='ocr_par' dir='ltr' id='par_1_5' title="bbox 567 1197 630 1282">
     <span class='ocr_line' id='line_1_9' title="bbox 567 1197 630 1282; baseline 0.032 -18"><span class='ocrx_word' id='word_1_42' title='bbox 567 1197 630 1282; x_wconf 71' lang='lat' dir='ltr'><strong>§l-</strong></span> 
     </span>
    </p>
   </div>
   <div class='ocr_carea' id='block_1_6' title="bbox 409 1341 799 1409">
    <p class='ocr_par' dir='ltr' id='par_1_6' title="bbox 409 1341 799 1409">
     <span class='ocr_line' id='line_1_10' title="bbox 409 1341 799 1409; baseline 0.005 -2"><span class='ocrx_word' id='word_1_43' title='bbox 409 1342 455 1407; x_wconf 81' lang='lat' dir='ltr'><strong>De</strong></span> <span class='ocrx_word' id='word_1_44' title='bbox 474 1341 799 1409; x_wconf 72' lang='lat' dir='ltr'><strong>Bocommam&#39;carr&#39;oru.</strong></span> 
     </span>
    </p>
   </div>
   <div class='ocr_carea' id='block_1_7' title="bbox 116 1491 1098 3450">
    <p class='ocr_par' dir='ltr' id='par_1_7' title="bbox 116 1491 1090 2113">
     <span class='ocr_line' id='line_1_11' title="bbox 161 1491 1087 1584; baseline 0.008 -24"><span class='ocrx_word' id='word_1_45' title='bbox 161 1499 251 1561; x_wconf 81' lang='grc'><strong>6483.</strong></span> <span class='ocrx_word' id='word_1_46' title='bbox 267 1491 541 1560; x_wconf 74' lang='lat' dir='ltr'><strong>Eurommuru&#39;ccta&#39;o</strong></span> <span class='ocrx_word' id='word_1_47' title='bbox 553 1507 597 1560; x_wconf 88' lang='lat' dir='ltr'><strong>est</strong></span> <span class='ocrx_word' id='word_1_48' title='bbox 609 1517 729 1562; x_wconf 82' lang='lat' dir='ltr'><strong>censure</strong></span> <span class='ocrx_word' id='word_1_49' title='bbox 737 1520 794 1583; x_wconf 84' lang='lat' dir='ltr'><strong>per·</strong></span> <span class='ocrx_word' id='word_1_50' title='bbox 806 1519 894 1584; x_wconf 79' lang='lat' dir='ltr'><strong>quem</strong></span> <span class='ocrx_word' id='word_1_51' title='bbox 909 1501 1087 1567; x_wconf 60' lang='lat' dir='ltr'><strong>adustiones</strong></span> 
     </span>
     <span class='ocr_line' id='line_1_12' title="bbox 116 1585 1085 1673; baseline 0.005 -23"><span class='ocrx_word' id='word_1_52' title='bbox 116 1589 259 1673; x_wconf 83' lang='lat' dir='ltr'><strong>privatur</strong></span> <span class='ocrx_word' id='word_1_53' title='bbox 267 1585 618 1666; x_wconf 68' lang='lat' dir='ltr'><strong>conmuniones&#39;ertesie,</strong></span> <span class='ocrx_word' id='word_1_54' title='bbox 632 1607 682 1650; x_wconf 82' lang='lat' dir='ltr'><strong>seu</strong></span> <span class='ocrx_word' id='word_1_55' title='bbox 689 1588 769 1650; x_wconf 85' lang='lat' dir='ltr'><strong>bonis</strong></span> <span class='ocrx_word' id='word_1_56' title='bbox 778 1589 869 1672; x_wconf 83' lang='lat' dir='ltr'><strong>ipsius</strong></span> <span class='ocrx_word' id='word_1_57' title='bbox 877 1594 1085 1669; x_wconf 82' lang='lat' dir='ltr'><strong>commonibus,</strong></span> 
     </span>
     <span class='ocr_line' id='line_1_13' title="bbox 118 1673 1088 1762; baseline 0.007 -24"><span class='ocrx_word' id='word_1_58' title='bbox 118 1684 262 1762; x_wconf 84' lang='lat' dir='ltr'><strong>quatenus</strong></span> <span class='ocrx_word' id='word_1_59' title='bbox 270 1683 338 1736; x_wconf 85' lang='lat' dir='ltr'><strong>sunt</strong></span> <span class='ocrx_word' id='word_1_60' title='bbox 351 1673 498 1737; x_wconf 83' lang='lat' dir='ltr'><strong>uinculum</strong></span> <span class='ocrx_word' id='word_1_61' title='bbox 507 1675 759 1758; x_wconf 82' lang='lat' dir='ltr'><strong>unionirfidelr&#39;um</strong></span> <span class='ocrx_word' id='word_1_62' title='bbox 768 1678 848 1740; x_wconf 81' lang='lat' dir='ltr'><strong>iuter</strong></span> <span class='ocrx_word' id='word_1_63' title='bbox 860 1700 900 1743; x_wconf 85' lang='lat' dir='ltr'><strong>se.</strong></span> <span class='ocrx_word' id='word_1_64' title='bbox 912 1681 995 1744; x_wconf 89' lang='lat' dir='ltr'><strong>Sicut</strong></span> <span class='ocrx_word' id='word_1_65' title='bbox 1005 1683 1088 1746; x_wconf 89' lang='lat' dir='ltr'><strong>enim</strong></span> 
     </span>
     <span class='ocr_line' id='line_1_14' title="bbox 119 1762 1089 1852; baseline 0.004 -24"><span class='ocrx_word' id='word_1_66' title='bbox 119 1765 210 1828; x_wconf 89' lang='lat' dir='ltr'><strong>bonis</strong></span> <span class='ocrx_word' id='word_1_67' title='bbox 222 1771 253 1828; x_wconf 88' lang='lat' dir='ltr'><strong>et</strong></span> <span class='ocrx_word' id='word_1_68' title='bbox 265 1762 434 1826; x_wconf 88' lang='lat' dir='ltr'><strong>commodis</strong></span> <span class='ocrx_word' id='word_1_69' title='bbox 447 1763 595 1826; x_wconf 86' lang='lat' dir='ltr'><strong>societatis</strong></span> <span class='ocrx_word' id='word_1_70' title='bbox 609 1765 760 1828; x_wconf 75' lang='lat' dir='ltr'><strong>secutoris</strong></span> <span class='ocrx_word' id='word_1_71' title='bbox 773 1767 844 1829; x_wconf 88' lang='lat' dir='ltr'><strong>civis</strong></span> <span class='ocrx_word' id='word_1_72' title='bbox 857 1769 978 1852; x_wconf 86' lang='lat' dir='ltr'><strong>spoliari</strong></span> <span class='ocrx_word' id='word_1_73' title='bbox 992 1778 1089 1852; x_wconf 88' lang='lat' dir='ltr'><strong>potest</strong></span> 
     </span>
     <span class='ocr_line' id='line_1_15' title="bbox 120 1851 1090 1939; baseline 0.007 -24"><span class='ocrx_word' id='word_1_74' title='bbox 120 1859 244 1937; x_wconf 86' lang='lat' dir='ltr'><strong>propter</strong></span> <span class='ocrx_word' id='word_1_75' title='bbox 261 1871 316 1916; x_wconf 91' lang='lat' dir='ltr'><strong>sua</strong></span> <span class='ocrx_word' id='word_1_76' title='bbox 338 1851 468 1929; x_wconf 89' lang='lat' dir='ltr'><strong>scelera,</strong></span> <span class='ocrx_word' id='word_1_77' title='bbox 483 1852 524 1914; x_wconf 86' lang='lat' dir='ltr'><strong>itu</strong></span> <span class='ocrx_word' id='word_1_78' title='bbox 542 1851 630 1915; x_wconf 90' lang='lat' dir='ltr'><strong>bonis</strong></span> <span class='ocrx_word' id='word_1_79' title='bbox 647 1853 852 1935; x_wconf 74' lang='lat' dir='ltr'><strong>spiritualibus</strong></span> <span class='ocrx_word' id='word_1_80' title='bbox 869 1876 938 1939; x_wconf 77' lang='lat' dir='ltr'><strong>quaa</strong></span> <span class='ocrx_word' id='word_1_81' title='bbox 957 1860 1090 1922; x_wconf 77' lang='lat' dir='ltr'><strong>Ecclesia</strong></span> 
     </span>
     <span class='ocr_line' id='line_1_16' title="bbox 120 1941 1089 2027; baseline 0.004 -21"><span class='ocrx_word' id='word_1_82' title='bbox 120 1942 267 2006; x_wconf 85' lang='lat' dir='ltr'><strong>membris</strong></span> <span class='ocrx_word' id='word_1_83' title='bbox 279 1942 342 2004; x_wconf 88' lang='lat' dir='ltr'><strong>suis</strong></span> <span class='ocrx_word' id='word_1_84' title='bbox 354 1941 580 2005; x_wconf 85' lang='lat' dir='ltr'><strong>communicare</strong></span> <span class='ocrx_word' id='word_1_85' title='bbox 588 1941 681 2020; x_wconf 84' lang='lat' dir='ltr'><strong>valet,</strong></span> <span class='ocrx_word' id='word_1_86' title='bbox 692 1941 871 2006; x_wconf 88' lang='lat' dir='ltr'><strong>christianus</strong></span> <span class='ocrx_word' id='word_1_87' title='bbox 884 1951 982 2027; x_wconf 82' lang='lat' dir='ltr'><strong>potest</strong></span> <span class='ocrx_word' id='word_1_88' title='bbox 991 1947 1089 2010; x_wconf 86' lang='lat' dir='ltr'><strong>orbari</strong></span> 
     </span>
     <span class='ocr_line' id='line_1_17' title="bbox 120 2029 961 2113; baseline -0.005 -16"><span class='ocrx_word' id='word_1_89' title='bbox 120 2031 148 2098; x_wconf 85' lang='lat' dir='ltr'><strong>si</strong></span> <span class='ocrx_word' id='word_1_90' title='bbox 162 2032 198 2093; x_wconf 90' lang='lat' dir='ltr'><strong>iis</strong></span> <span class='ocrx_word' id='word_1_91' title='bbox 211 2030 370 2113; x_wconf 80' lang='lat' dir='ltr'><strong>indignum</strong></span> <span class='ocrx_word' id='word_1_92' title='bbox 384 2047 416 2093; x_wconf 90' lang='lat' dir='ltr'><strong>sa</strong></span> <span class='ocrx_word' id='word_1_93' title='bbox 429 2029 614 2093; x_wconf 86' lang='lat' dir='ltr'><strong>demonstret</strong></span> <span class='ocrx_word' id='word_1_94' title='bbox 625 2037 747 2113; x_wconf 88' lang='lat' dir='ltr'><strong>propter</strong></span> <span class='ocrx_word' id='word_1_95' title='bbox 756 2051 811 2094; x_wconf 88' lang='lat' dir='ltr'><strong>sua</strong></span> <span class='ocrx_word' id='word_1_96' title='bbox 824 2033 961 2095; x_wconf 84' lang='lat' dir='ltr'><strong>crimina.</strong></span> 
     </span>
    </p>

    <p class='ocr_par' dir='ltr' id='par_1_8' title="bbox 121 2119 1092 2451">
     <span class='ocr_line' id='line_1_18' title="bbox 162 2119 1091 2203; baseline 0.004 -21"><span class='ocrx_word' id='word_1_97' title='bbox 162 2122 283 2184; x_wconf 79' lang='lat' dir='ltr'><strong>Ceterae</strong></span> <span class='ocrx_word' id='word_1_98' title='bbox 292 2137 429 2184; x_wconf 77' lang='lat' dir='ltr'><strong>censure</strong></span> <span class='ocrx_word' id='word_1_99' title='bbox 437 2119 555 2202; x_wconf 87' lang='lat' dir='ltr'><strong>privant</strong></span> <span class='ocrx_word' id='word_1_100' title='bbox 565 2119 691 2202; x_wconf 86' lang='lat' dir='ltr'><strong>quidem</strong></span> <span class='ocrx_word' id='word_1_101' title='bbox 700 2120 788 2182; x_wconf 90' lang='lat' dir='ltr'><strong>bonis</strong></span> <span class='ocrx_word' id='word_1_102' title='bbox 798 2121 980 2203; x_wconf 88' lang='lat' dir='ltr'><strong>quibusdam</strong></span> <span class='ocrx_word' id='word_1_103' title='bbox 990 2121 1091 2186; x_wconf 85' lang='lat' dir='ltr'><strong>llccle·</strong></span> 
     </span>
     <span class='ocr_line' id='line_1_19' title="bbox 121 2208 1091 2292; baseline 0.001 -19"><span class='ocrx_word' id='word_1_104' title='bbox 121 2209 193 2286; x_wconf 81' lang='lat' dir='ltr'><strong>siae,</strong></span> <span class='ocrx_word' id='word_1_105' title='bbox 209 2209 262 2273; x_wconf 88' lang='lat' dir='ltr'><strong>sod</strong></span> <span class='ocrx_word' id='word_1_106' title='bbox 284 2208 321 2272; x_wconf 91' lang='lat' dir='ltr'><strong>iis</strong></span> <span class='ocrx_word' id='word_1_107' title='bbox 334 2227 396 2272; x_wconf 89' lang='lat' dir='ltr'><strong>non</strong></span> <span class='ocrx_word' id='word_1_108' title='bbox 411 2210 528 2290; x_wconf 88' lang='lat' dir='ltr'><strong>privant</strong></span> <span class='ocrx_word' id='word_1_109' title='bbox 540 2215 689 2292; x_wconf 86' lang='lat' dir='ltr'><strong>quatenus</strong></span> <span class='ocrx_word' id='word_1_110' title='bbox 708 2215 780 2273; x_wconf 88' lang='lat' dir='ltr'><strong>sunt</strong></span> <span class='ocrx_word' id='word_1_111' title='bbox 799 2209 952 2274; x_wconf 89' lang='lat' dir='ltr'><strong>vinculum</strong></span> <span class='ocrx_word' id='word_1_112' title='bbox 969 2211 1091 2275; x_wconf 88' lang='lat' dir='ltr'><strong>unionis</strong></span> 
     </span>
     <span class='ocr_line' id='line_1_20' title="bbox 122 2297 1092 2376; baseline 0.003 -16"><span class='ocrx_word' id='word_1_113' title='bbox 122 2298 260 2361; x_wconf 81' lang='lat' dir='ltr'><strong>fidelium</strong></span> <span class='ocrx_word' id='word_1_114' title='bbox 272 2299 412 2376; x_wconf 80' lang='lat' dir='ltr'><strong>intensa,</strong></span> <span class='ocrx_word' id='word_1_115' title='bbox 424 2305 454 2362; x_wconf 87' lang='lat' dir='ltr'><strong>et</strong></span> <span class='ocrx_word' id='word_1_116' title='bbox 463 2299 495 2362; x_wconf 89' lang='lat' dir='ltr'><strong>io</strong></span> <span class='ocrx_word' id='word_1_117' title='bbox 505 2297 562 2362; x_wconf 90' lang='lat' dir='ltr'><strong>hoc</strong></span> <span class='ocrx_word' id='word_1_118' title='bbox 570 2297 765 2362; x_wconf 87' lang='lat' dir='ltr'><strong>essentialiter</strong></span> <span class='ocrx_word' id='word_1_119' title='bbox 773 2297 961 2366; x_wconf 80' lang='lat' dir='ltr'><strong>differuntab</strong></span> <span class='ocrx_word' id='word_1_120' title='bbox 972 2318 1092 2364; x_wconf 86' lang='lat' dir='ltr'><strong>ercom-</strong></span> 
     </span>
     <span class='ocr_line' id='line_1_21' title="bbox 122 2388 340 2451; baseline 0 0"><span class='ocrx_word' id='word_1_121' title='bbox 122 2388 340 2451; x_wconf 87' lang='lat' dir='ltr'><strong>municatione.</strong></span> 
     </span>
    </p>

    <p class='ocr_par' dir='ltr' id='par_1_9' title="bbox 125 2475 1098 3450">
     <span class='ocr_line' id='line_1_22' title="bbox 164 2475 1092 2560; baseline -0.003 -19"><span class='ocrx_word' id='word_1_122' title='bbox 164 2481 255 2541; x_wconf 84' lang='grc'><strong>6484.</strong></span> <span class='ocrx_word' id='word_1_123' title='bbox 273 2475 405 2559; x_wconf 84' lang='lat' dir='ltr'><strong>Duplicis</strong></span> <span class='ocrx_word' id='word_1_124' title='bbox 419 2475 538 2557; x_wconf 77' lang='lat' dir='ltr'><strong>generis</strong></span> <span class='ocrx_word' id='word_1_125' title='bbox 555 2481 601 2540; x_wconf 88' lang='lat' dir='ltr'><strong>est</strong></span> <span class='ocrx_word' id='word_1_126' title='bbox 619 2477 916 2540; x_wconf 81' lang='lat' dir='ltr'><strong>excommunicatio:</strong></span> <span class='ocrx_word' id='word_1_127' title='bbox 933 2481 963 2539; x_wconf 83' lang='lat' dir='ltr'><strong>l·</strong></span> <span class='ocrx_word' id='word_1_128' title='bbox 982 2494 1092 2560; x_wconf 83' lang='lat' dir='ltr'><strong>nempe</strong></span> 
     </span>
     <span class='ocr_line' id='line_1_23' title="bbox 125 2564 1092 2649; baseline -0.004 -16"><span class='ocrx_word' id='word_1_129' title='bbox 125 2571 242 2648; x_wconf 79' lang='lat' dir='ltr'><strong>missor,</strong></span> <span class='ocrx_word' id='word_1_130' title='bbox 270 2585 339 2649; x_wconf 81' lang='lat' dir='ltr'><strong>quae</strong></span> <span class='ocrx_word' id='word_1_131' title='bbox 360 2567 479 2628; x_wconf 76' lang='lat' dir='ltr'><strong>unium</strong></span> <span class='ocrx_word' id='word_1_132' title='bbox 503 2564 598 2646; x_wconf 82' lang='lat' dir='ltr'><strong>privat</strong></span> <span class='ocrx_word' id='word_1_133' title='bbox 619 2583 677 2629; x_wconf 88' lang='lat' dir='ltr'><strong>usu</strong></span> <span class='ocrx_word' id='word_1_134' title='bbox 699 2565 816 2647; x_wconf 79' lang='lat' dir='ltr'><strong>passivo</strong></span> <span class='ocrx_word' id='word_1_135' title='bbox 842 2581 896 2628; x_wconf 85' lang='lat' dir='ltr'><strong>seu</strong></span> <span class='ocrx_word' id='word_1_136' title='bbox 920 2565 1092 2646; x_wconf 89' lang='lat' dir='ltr'><strong>receptione</strong></span> 
     </span>
     <span class='ocr_line' id='line_1_24' title="bbox 125 2652 1092 2735; baseline -0.007 -10"><span class='ocrx_word' id='word_1_137' title='bbox 125 2663 383 2725; x_wconf 85' lang='lat' dir='ltr'><strong>sacramentorum</strong></span> <span class='ocrx_word' id='word_1_138' title='bbox 397 2661 427 2717; x_wconf 92' lang='lat' dir='ltr'><strong>et</strong></span> <span class='ocrx_word' id='word_1_139' title='bbox 440 2653 585 2717; x_wconf 87' lang='lat' dir='ltr'><strong>electione</strong></span> <span class='ocrx_word' id='word_1_140' title='bbox 599 2654 712 2735; x_wconf 80' lang='lat' dir='ltr'><strong>passivi</strong></span> <span class='ocrx_word' id='word_1_141' title='bbox 727 2652 765 2716; x_wconf 85' lang='lat' dir='ltr'><strong>ud</strong></span> <span class='ocrx_word' id='word_1_142' title='bbox 778 2653 922 2717; x_wconf 83' lang='lat' dir='ltr'><strong>beneficia</strong></span> <span class='ocrx_word' id='word_1_143' title='bbox 937 2653 1092 2718; x_wconf 87' lang='lat' dir='ltr'><strong>ecclesias·</strong></span> 
     </span>
     <span class='ocr_line' id='line_1_25' title="bbox 125 2743 1091 2828; baseline -0.005 -17"><span class='ocrx_word' id='word_1_144' title='bbox 125 2749 195 2824; x_wconf 87' lang='lat' dir='ltr'><strong>tica;</strong></span> <span class='ocrx_word' id='word_1_145' title='bbox 208 2751 239 2811; x_wconf 74' lang='lat'><strong>2·</strong></span> <span class='ocrx_word' id='word_1_146' title='bbox 253 2745 351 2828; x_wconf 81' lang='lat' dir='ltr'><strong>nrojor</strong></span> <span class='ocrx_word' id='word_1_147' title='bbox 363 2761 432 2828; x_wconf 84' lang='lat' dir='ltr'><strong>quaa</strong></span> <span class='ocrx_word' id='word_1_148' title='bbox 445 2743 540 2827; x_wconf 86' lang='lat' dir='ltr'><strong>privat</strong></span> <span class='ocrx_word' id='word_1_149' title='bbox 552 2743 636 2805; x_wconf 93' lang='lat' dir='ltr'><strong>omni</strong></span> <span class='ocrx_word' id='word_1_150' title='bbox 649 2743 864 2807; x_wconf 89' lang='lat' dir='ltr'><strong>communione</strong></span> <span class='ocrx_word' id='word_1_151' title='bbox 876 2743 1091 2823; x_wconf 77' lang='lat' dir='ltr'><strong>ecclesiastice,</strong></span> 
     </span>
     <span class='ocr_line' id='line_1_26' title="bbox 127 2831 1095 2916; baseline -0.006 -14"><span class='ocrx_word' id='word_1_152' title='bbox 127 2831 1095 2916; x_wconf 80' lang='lat' dir='ltr'><strong>seuomnibusbonisspiritualibusquorumdistributioadllccle·</strong></span> 
     </span>
     <span class='ocr_line' id='line_1_27' title="bbox 127 2921 1095 3008; baseline -0.006 -19"><span class='ocrx_word' id='word_1_153' title='bbox 127 2925 204 2990; x_wconf 87' lang='lat' dir='ltr'><strong>siam</strong></span> <span class='ocrx_word' id='word_1_154' title='bbox 217 2925 364 3008; x_wconf 90' lang='lat' dir='ltr'><strong>pertinet;</strong></span> <span class='ocrx_word' id='word_1_155' title='bbox 381 2921 489 2984; x_wconf 86' lang='lat' dir='ltr'><strong>dicitur</strong></span> <span class='ocrx_word' id='word_1_156' title='bbox 505 2921 676 2997; x_wconf 71' lang='lat' dir='ltr'><strong>anatliema,</strong></span> <span class='ocrx_word' id='word_1_157' title='bbox 692 2921 815 3004; x_wconf 84' lang='lat' dir='ltr'><strong>quando</strong></span> <span class='ocrx_word' id='word_1_158' title='bbox 833 2930 937 2986; x_wconf 86' lang='lat' dir='ltr'><strong>contra</strong></span> <span class='ocrx_word' id='word_1_159' title='bbox 955 2921 1095 2986; x_wconf 82' lang='lat' dir='ltr'><strong>heresim</strong></span> 
     </span>
     <span class='ocr_line' id='line_1_28' title="bbox 128 3009 1094 3092; baseline -0.008 -14"><span class='ocrx_word' id='word_1_160' title='bbox 128 3013 319 3092; x_wconf 79' lang='lat' dir='ltr'><strong>decernitur,</strong></span> <span class='ocrx_word' id='word_1_161' title='bbox 333 3011 380 3076; x_wconf 88' lang='lat' dir='ltr'><strong>vel</strong></span> <span class='ocrx_word' id='word_1_162' title='bbox 394 3009 516 3092; x_wconf 90' lang='lat' dir='ltr'><strong>quando</strong></span> <span class='ocrx_word' id='word_1_163' title='bbox 533 3029 604 3074; x_wconf 87' lang='lat' dir='ltr'><strong>cum</strong></span> <span class='ocrx_word' id='word_1_164' title='bbox 623 3011 766 3074; x_wconf 88' lang='lat' dir='ltr'><strong>omnibus</strong></span> <span class='ocrx_word' id='word_1_165' title='bbox 783 3011 1022 3074; x_wconf 86' lang='lat' dir='ltr'><strong>solemnitatibus</strong></span> <span class='ocrx_word' id='word_1_166' title='bbox 1035 3009 1094 3072; x_wconf 86' lang='lat' dir='ltr'><strong>lul-</strong></span> 
     </span>
     <span class='ocr_line' id='line_1_29' title="bbox 130 3098 1096 3182; baseline -0.005 -19"><span class='ocrx_word' id='word_1_167' title='bbox 130 3102 284 3164; x_wconf 87' lang='lat' dir='ltr'><strong>minatur¹</strong></span> <span class='ocrx_word' id='word_1_168' title='bbox 301 3121 309 3164; x_wconf 78' lang='lat' dir='ltr'><strong>a</strong></span> <span class='ocrx_word' id='word_1_169' title='bbox 324 3101 349 3164; x_wconf 87' lang='lat' dir='ltr'><strong>si</strong></span> <span class='ocrx_word' id='word_1_170' title='bbox 364 3115 473 3180; x_wconf 89' lang='lat' dir='ltr'><strong>nempe</strong></span> <span class='ocrx_word' id='word_1_171' title='bbox 488 3099 653 3182; x_wconf 81' lang='lat' dir='ltr'><strong>Episcopus</strong></span> <span class='ocrx_word' id='word_1_172' title='bbox 665 3098 748 3162; x_wconf 90' lang='lat' dir='ltr'><strong>illam</strong></span> <span class='ocrx_word' id='word_1_173' title='bbox 765 3100 950 3182; x_wconf 85' lang='lat' dir='ltr'><strong>pronuntiet,</strong></span> <span class='ocrx_word' id='word_1_174' title='bbox 964 3099 1096 3162; x_wconf 89' lang='lat' dir='ltr'><strong>circum·</strong></span> 
     </span>
     <span class='ocr_line' id='line_1_30' title="bbox 131 3184 1097 3254; baseline -0.007 -2"><span class='ocrx_word' id='word_1_175' title='bbox 131 3187 270 3252; x_wconf 88' lang='lat' dir='ltr'><strong>dantibus</strong></span> <span class='ocrx_word' id='word_1_176' title='bbox 279 3207 349 3254; x_wconf 88' lang='lat' dir='ltr'><strong>eum</strong></span> <span class='ocrx_word' id='word_1_177' title='bbox 358 3187 520 3253; x_wconf 89' lang='lat' dir='ltr'><strong>duodecim</strong></span> <span class='ocrx_word' id='word_1_178' title='bbox 529 3187 733 3250; x_wconf 89' lang='lat' dir='ltr'><strong>sacerdotibus</strong></span> <span class='ocrx_word' id='word_1_179' title='bbox 741 3187 972 3251; x_wconf 87' lang='lat' dir='ltr'><strong>sacrisrestibus</strong></span> <span class='ocrx_word' id='word_1_180' title='bbox 985 3184 1097 3248; x_wconf 87' lang='lat' dir='ltr'><strong>indutis</strong></span> 
     </span>
     <span class='ocr_line' id='line_1_31' title="bbox 132 3271 1096 3360; baseline -0.01 -16"><span class='ocrx_word' id='word_1_181' title='bbox 132 3283 162 3344; x_wconf 87' lang='lat' dir='ltr'><strong>et</strong></span> <span class='ocrx_word' id='word_1_182' title='bbox 175 3295 268 3343; x_wconf 91' lang='lat' dir='ltr'><strong>manu</strong></span> <span class='ocrx_word' id='word_1_183' title='bbox 279 3295 400 3344; x_wconf 84' lang='lat' dir='ltr'><strong>cereum</strong></span> <span class='ocrx_word' id='word_1_184' title='bbox 414 3293 575 3341; x_wconf 88' lang='lat' dir='ltr'><strong>accensum</strong></span> <span class='ocrx_word' id='word_1_185' title='bbox 588 3277 760 3340; x_wconf 79' lang='lat' dir='ltr'><strong>tenentibus</strong></span> <span class='ocrx_word' id='word_1_186' title='bbox 772 3323 781 3357; x_wconf 97' lang='lat'><strong>,</strong></span> <span class='ocrx_word' id='word_1_187' title='bbox 796 3295 888 3360; x_wconf 91' lang='lat' dir='ltr'><strong>quem</strong></span> <span class='ocrx_word' id='word_1_188' title='bbox 900 3271 1010 3336; x_wconf 86' lang='lat' dir='ltr'><strong>deinde</strong></span> <span class='ocrx_word' id='word_1_189' title='bbox 1024 3290 1096 3354; x_wconf 90' lang='lat' dir='ltr'><strong>pro-</strong></span> 
     </span>
     <span class='ocr_line' id='line_1_32' title="bbox 132 3361 1098 3450; baseline -0.007 -19"><span class='ocrx_word' id='word_1_190' title='bbox 132 3368 256 3449; x_wconf 76' lang='lat' dir='ltr'><strong>tioium,</strong></span> <span class='ocrx_word' id='word_1_191' title='bbox 280 3370 483 3450; x_wconf 75' lang='lat' dir='ltr'><strong>extinguunt,</strong></span> <span class='ocrx_word' id='word_1_192' title='bbox 509 3363 636 3448; x_wconf 89' lang='lat' dir='ltr'><strong>pedibus</strong></span> <span class='ocrx_word' id='word_1_193' title='bbox 656 3365 775 3428; x_wconf 84' lang='lat' dir='ltr'><strong>calcant</strong></span> <span class='ocrx_word' id='word_1_194' title='bbox 796 3364 935 3447; x_wconf 79' lang='lat' dir='ltr'><strong>quedam</strong></span> <span class='ocrx_word' id='word_1_195' title='bbox 959 3361 1098 3425; x_wconf 87' lang='lat' dir='ltr'><strong>maledie-</strong></span> 
     </span>
    </p>
   </div>
   <div class='ocr_carea' id='block_1_8' title="bbox 132 3531 1099 3678">
    <p class='ocr_par' dir='ltr' id='par_1_10' title="bbox 132 3531 1099 3678">
     <span class='ocr_line' id='line_1_33' title="bbox 161 3531 1099 3601; baseline 0 -13"><span class='ocrx_word' id='word_1_196' title='bbox 161 3541 169 3568; x_wconf 83' lang='lat'><strong>¹</strong></span> <span class='ocrx_word' id='word_1_197' title='bbox 189 3535 248 3588; x_wconf 74' lang='lat' dir='ltr'><strong>vids</strong></span> <span class='ocrx_word' id='word_1_198' title='bbox 259 3542 343 3588; x_wconf 73' lang='lat' dir='ltr'><strong>tamar</strong></span> <span class='ocrx_word' id='word_1_199' title='bbox 352 3549 406 3601; x_wconf 83' lang='lat' dir='ltr'><strong>cap.</strong></span> <span class='ocrx_word' id='word_1_200' title='bbox 420 3531 485 3588; x_wconf 81' lang='lat' dir='ltr'><strong>Gtitn</strong></span> <span class='ocrx_word' id='word_1_201' title='bbox 496 3545 548 3586; x_wconf 81' lang='lat' dir='ltr'><strong>non</strong></span> <span class='ocrx_word' id='word_1_202' title='bbox 558 3531 589 3586; x_wconf 69' lang='grc' dir='ltr'><strong><em>ὁ</em></strong></span> <span class='ocrx_word' id='word_1_203' title='bbox 604 3532 703 3586; x_wconf 72' lang='lat' dir='ltr'><strong>mussa</strong></span> <span class='ocrx_word' id='word_1_204' title='bbox 715 3532 757 3595; x_wconf 82' lang='lat' dir='ltr'><strong>to,</strong></span> <span class='ocrx_word' id='word_1_205' title='bbox 768 3532 797 3585; x_wconf 79' lang='lat' dir='ltr'><strong>ds</strong></span> <span class='ocrx_word' id='word_1_206' title='bbox 806 3531 923 3590; x_wconf 72' lang='lat' dir='ltr'><strong>Iudiciis.</strong></span> <span class='ocrx_word' id='word_1_207' title='bbox 942 3535 967 3585; x_wconf 77' lang='lat' dir='ltr'><strong>st</strong></span> <span class='ocrx_word' id='word_1_208' title='bbox 981 3545 1034 3600; x_wconf 79' lang='lat' dir='ltr'><strong>cap.</strong></span> <span class='ocrx_word' id='word_1_209' title='bbox 1046 3531 1099 3588; x_wconf 77' lang='lat' dir='ltr'><strong>Btt·</strong></span> 
     </span>
     <span class='ocr_line' id='line_1_34' title="bbox 132 3603 518 3678; baseline -0.018 -16"><span class='ocrx_word' id='word_1_210' title='bbox 132 3609 270 3678; x_wconf 54' lang='lat' dir='ltr'><strong>emtam</strong></span> <span class='ocrx_word' id='word_1_211' title='bbox 281 3608 320 3669; x_wconf 77' lang='lat' dir='ltr'><strong>l2,</strong></span> <span class='ocrx_word' id='word_1_212' title='bbox 332 3620 406 3658; x_wconf 74' lang='lat' dir='ltr'><strong>musa</strong></span> <span class='ocrx_word' id='word_1_213' title='bbox 417 3605 443 3668; x_wconf 74' lang='grc'><strong>3,</strong></span> <span class='ocrx_word' id='word_1_214' title='bbox 454 3619 482 3672; x_wconf 79' lang='lat' dir='ltr'><strong>q.</strong></span> <span class='ocrx_word' id='word_1_215' title='bbox 492 3603 518 3656; x_wconf 81' lang='grc'><strong>4.</strong></span> 
     </span>
    </p>
   </div>
   <div class='ocr_carea' id='block_1_9' title="bbox 894 3693 963 3756">
    <p class='ocr_par' dir='ltr' id='par_1_11' title="bbox 894 3693 963 3756">
     <span class='ocr_line' id='line_1_35' title="bbox 894 3693 963 3756; baseline -0.029 0"><span class='ocrx_word' id='word_1_216' title='bbox 894 3693 963 3756; x_wconf 75' lang='lat'><strong>¹0¹*</strong></span> 
     </span>
    </p>
   </div>
   <div class='ocr_carea' id='block_1_10' title="bbox 0 0 1307 3988">
    <p class='ocr_par' dir='ltr' id='par_1_12' title="bbox 0 0 1307 3988">
     <span class='ocr_line' id='line_1_36' title="bbox 0 0 1307 3988; baseline 0 0"><span class='ocrx_word' id='word_1_217' title='bbox 0 0 1307 3988; x_wconf 95' lang='lat' dir='ltr'><strong> </strong></span> 
     </span>
    </p>
   </div>
  </div>
 </body>
</html>
