2504 3990
178 237 223 308 sno
393 259 441 310 nis
891 269 939 322 itis

176 377 263 425 coisnon
276 377 348 428 prosse
357 363 485 430 inlegibus
497 368 653 434 generalibus
677 385 753 438 copus
786 373 869 425 valeat
902 375 1046 442 dispensare
1081 381 1154 432 modo

176 441 317 507 dispensare
335 448 435 513 quando
457 449 521 516 Papa
544 453 652 505 nonsibi
675 453 785 518 generali
796 454 890 524 absque
901 457 1000 510 indulto
1015 459 1154 524 Pontificio,

176 526 307 577 reservavit
325 527 389 580 hunc
411 536 575 598 potestatem,
595 535 650 586 966,
675 533 729 584 975.
741 535 779 586 dn
791 535 852 588 illud
870 538 966 604 possint
983 539 1007 589 vi
1020 549 1157 594 consuetu·

175 605 397 678 Solvitnrobjectio
410 619 506 679 sumpta
520 629 651 667 ercsnone
676 615 749 678 dinis,
761 617 817 670 9¹16.
829 620 866 670 Διι
878 619 903 670 in
915 619 1045 672 Provincia
1052 624 1156 676 dvenio·

174 689 651 762 Ncper,quiamultinndiffertpotestus
675 697 755 760 nansi,
787 699 843 752 999.
866 703 903 752 lin
939 700 1027 768 privati
1054 719 1155 756 cauum

174 771 338 826 absolvendis
351 783 472 843 potestate
482 779 648 846 dispensandi,
674 777 891 847 habentesiusnm
903 783 999 849 possint
1008 783 1045 834 uti
1057 785 1156 852 dispen-

173 853 387 926 dit-Episcopi
398 860 480 912 valent
491 862 649 929 dispensare:
673 859 769 912 satione
781 861 890 928 generali
909 862 940 912 ab
959 863 1082 931 Episcopo
1099 867 1141 918 dst

173 937 199 987 1⁰
221 940 320 1006 qnando
344 940 369 991 in
391 942 446 1008 lege
469 943 559 995 dicitur
587 947 652 1012 quoii
673 939 875 1006 absquelndulto
893 941 1033 1005 Pontificio,
1047 946 1153 998 selenus

171 1021 247 1085 possit
257 1023 391 1087 (Ιιζςριηιαή
399 1061 405 1082 ,
419 1023 540 1076 962-20
552 1025 579 1076 in
591 1042 648 1078 casu
673 1019 770 1071 indulto
785 1020 938 1087 hujusmodi,
951 1025 1005 1075 999.
1017 1025 1082 1086 Ouid
1095 1043 1153 1078 sen·

173 1103 282 1168 urgentis
295 1103 463 1167 necessitatis,
477 1106 567 1158 963.-
576 1107 604 1159 iio
623 1108 649 1159 Si
674 1101 782 1152 tiendum
791 1103 822 1153 de
837 1103 1022 1171 dispensatione
1036 1107 1068 1157 ab
1082 1109 1153 1174 Epis-

172 1185 228 1234 talis
252 1183 333 1249 vigeat
355 1187 510 1238 consuetudo
533 1187 648 1258 legitimis
672 1182 913 1248 copissinelndulto
927 1186 1153 1254 datdsuperahsti·

172 1265 357 1318 conditionibus
368 1268 469 1326 vestita,
484 1269 610 1321 siis-so
622 1271 647 1322 si
672 1263 753 1314 nentit
763 1265 1150 1326 osorumetlacticiniorum.978.

172 1345 647 1418 dubiumsitancasusindigeetdispen-
673 1342 705 1392 ⁰⁸
725 1349 846 1408 90196998
869 1345 1032 1411 iitrosshorum
1050 1350 1145 1416 discen·

171 1425 341 1488 nationesne.
355 1427 502 1490 telesinus,
520 1437 562 1481 aus
574 1433 646 1483 etiam
670 1424 887 1492 sandiinieiunio.
899 1427 968 1480 ¹⁴3⁷·
986 1429 1049 1489 Ouid
1068 1433 1092 1482 in
1105 1433 1151 1484 hoc

171 1506 196 1557 in
218 1507 358 1574 frequenter
379 1509 546 1562 accidentibus
559 1550 567 1574 ‚
591 1513 644 1564 966,
670 1506 766 1557 valeant
777 1507 860 1558 vicarii
873 1514 898 1559 et
909 1511 1068 1572 confessarii,
1080 1515 1149 1566 issa.

171 1587 282 1639 Potestas
312 1589 468 1656 dispensandi
496 1591 521 1642 in
548 1594 646 1646 casibus
669 1585 727 1638 Vide
748 1587 961 1640 semnion-nn
981 1592 1060 1657 possit
1078 1593 1151 1660 Epis·

170 1671 245 1722 modo
265 1671 349 1724 relatis
371 1677 408 1723 est
428 1673 549 1725 ordinaria
569 1682 595 1726 ei
614 1678 645 1728 id
668 1683 745 1733 copus
763 1669 905 1735 dispensare
925 1670 950 1720 in
962 1673 1039 1723 sacris
1052 1673 1150 1736 ritibus,

170 1751 323 1818 Capitulum,
335 1753 394 1805 sede
412 1760 527 1815 vacante,
546 1757 647 1818 transit,
668 1748 722 1798 980·
741 1749 775 1802 De
795 1750 982 1816 Dispensallone
1000 1767 1075 1820 super
1086 1755 1152 1807 isre-

169 1833 223 1884 967.
240 1835 277 1884 An
294 1835 443 1902 dispensatio
461 1837 516 1886 data
529 1835 559 1887 ab
572 1837 644 1904 Epis.
667 1829 1152 1896 gularilnlibus,videhludwinus.-
1241 1889 1242 1892 ,

112 1941 113 1944 =
168 1928 231 1981 copo
243 1913 296 1966 sind
314 1916 387 1966 causi
399 1915 530 1968 sufficienti
549 1916 581 1968 sit
600 1933 644 1969 ra·
667 1910 797 1970 Quomodo
807 1911 838 1963 sit
849 1911 1031 1979 interpretanda
1045 1915 1151 1982 dispen-

168 1993 233 2057 lids,
246 1995 301 2046 968.
315 1995 378 2056 Quid
390 1995 411 2046 si
423 1996 477 2046 dats
495 1995 568 2048 luerit
579 1997 643 2050 hona
667 1991 729 2042 Silio
741 2007 816 2059 super
827 1993 1063 2060 immensitatibus,
1077 1998 1150 2051 tiss.

167 2075 217 2126 Ede
236 2091 291 2128 cum
316 2076 389 2128 causi
411 2075 567 2128 insufficienti
589 2095 642 2145 quae
667 2073 839 2134 Ouidianum
855 2077 951 2128 Prolati
968 2077 1098 2144 regulares
1116 2081 1149 2134 ad

167 2161 250 2208 tamea
271 2157 402 2224 putabatur
424 2159 565 2223 sufficiens,
586 2161 640 2223 969,
666 2155 860 2222 dispensandum
878 2173 934 2208 cnm
953 2158 1005 2210 suis
1023 2157 1147 2223 subditis,

166 2238 236 2290 5238.
255 2239 406 2305 llispensatio
419 2255 476 2292 cum
493 2243 565 2293 causi
576 2241 641 2308 justis
665 2237 735 2289 2941·
758 2239 794 2290 Ad
817 2254 892 2306 quem
914 2239 946 2290 sil
966 2243 1147 2294 recurrendum

166 2319 238 2382 data,
251 2320 321 2370 valde
328 2319 488 2387 probabiliter
498 2329 536 2374 est
546 2322 638 2386 valida,
665 2334 708 2384 pro
719 2319 901 2385 dispensatione
912 2319 1147 2387 impedimentorum

166 2401 211 2452 etsi
235 2401 378 2470 dispensans
397 2418 446 2454 non
466 2409 561 2468 putaret
578 2404 641 2456 hanc
664 2399 867 2463 civiliummsss.
881 2401 940 2461 Quis
952 2403 1030 2468 possit
1041 2403 1148 2470 dispon-

166 2497 264 2534 causam
283 2483 382 2544 adesse.
403 2483 458 2546 sto,
471 2486 541 2537 5998.
557 2486 641 2538 Potest
663 2495 718 2533 sare
738 2481 763 2532 in
791 2481 973 2548 impedimentis
995 2483 1145 2547 canonicis,

165 2563 299 2630 Episcopus
327 2563 468 2631 dispensare
490 2581 565 2632 super
585 2583 641 2634 pm.
663 2561 782 2612 tesana
799 2561 912 2630 Episcopi
928 2563 1023 2630 possint
1037 2580 1145 2628 genera·
1237 2565 1238 2580 *

164 2643 222 2710 priis
231 2644 328 2695 statutis
337 2645 409 2698 etiarn
418 2647 442 2697 in
451 2649 544 2714 synodo
553 2649 639 2700 edictis
663 2643 719 2696 liter
740 2645 884 2710 dispensare
907 2643 932 2695 in
960 2644 1144 2710 impedimentis

164 2725 211 2776 nisi
233 2731 352 2776 statutum
382 2729 495 2794 expresse
515 2729 637 2782 luissetl
664 2723 821 2788 niatrimonii‚
835 2725 905 2777 sset.
919 2726 955 2776 An
970 2724 1104 2792 aliqnando
1117 2729 1143 2780 id
1236 2723 1237 2776 ζ

163 2805 417 2872 Paptconlirmatum,
429 2807 466 2858 uel
481 2807 527 2858 nisi
539 2810 563 2859 in
577 2825 638 2862 con-
662 2805 769 2870 possiut,
790 2804 840 2870 jorn
867 2810 993 2857 contracto
1014 2808 1141 2860 matrimo-

163 2891 268 2938 tractum
287 2883 409 2948 abiisset,
424 2887 480 2937 till.
499 2887 558 2939 ltem
571 2889 637 2956 Epis
661 2885 702 2936 nio
712 2922 721 2946 ,
733 2885 803 2936 l395.
815 2885 853 2936 dn
865 2891 889 2936 et
907 2891 1029 2952 quatenus
1048 2887 1142 2940 adhoc

162 2965 637 3034 oopuspotestdispensarequoaddioe-
660 2965 798 3032 requiratur
821 2971 847 3017 ut
868 2965 1047 3018 matrimonium
1068 2967 1141 3019 luerit
1234 3033 1235 3040 ἵ

162 3061 264 3099 resonos
275 3046 299 3096 in
314 3045 418 3097 decretis
430 3045 531 3098 Consilii
542 3049 637 3114 provin·
659 3053 813 3099 contractum
838 3049 901 3100 boni
925 3048 990 3110 lide,
1011 3049 1082 3100 4396.
1103 3051 1138 3102 An

161 3131 238 3192 ciniis,
258 3130 312 3182 sss.
331 3131 415 3182 Potest
431 3130 565 3198 Episcopus
582 3133 636 3185 dis·
659 3129 723 3182 bona
741 3131 803 3182 tides
819 3129 901 3180 habita
916 3129 992 3181 tuisse
1008 3137 1140 3184 censeatur

161 3227 263 3279 pensare
272 3212 296 3261 in
309 3210 365 3278 lege
375 3211 463 3278 ieiunii
479 3219 504 3264 et
516 3212 635 3268 ohserva-
658 3213 757 3279 quando
791 3211 928 3276 ignorantis
970 3211 1140 3277 impedimenti

161 3294 233 3343 tionis
246 3292 362 3342 festorum
369 3329 376 3354 ,
389 3307 433 3356 pro
445 3291 543 3345 casibus
554 3300 635 3348 tamen
659 3293 705 3344 luit
715 3307 810 3356 crassa,
824 3299 848 3344 et
857 3291 944 3359 quidsi
956 3291 1047 3344 luerint
1059 3308 1139 3344 omis-

160 3371 357 3437 particularihus,
370 3373 424 3424 973.
439 3374 635 3440 Dispensationea
657 3389 690 3425 se
697 3373 901 3441 proclamationes
909 3373 1138 3434 bannorumttilll·

160 3450 185 3500 in
197 3449 350 3501 observantid
361 3451 571 3518 Quadragesimali
585 3471 635 3508 non
656 3455 693 3506 An
706 3455 842 3521 Episcopus
855 3453 932 3521 possit
944 3453 1079 3520 aliquando
1089 3454 1141 3506 dis·

161 3528 251 3579 dehent
263 3531 378 3593 concedi,
397 3532 444 3584 nisi
456 3534 551 3598 adjecti
563 3535 635 3588 clau·
657 3551 760 3604 pensare
784 3541 841 3588 anto
866 3534 1049 3588 matrimonium
1074 3550 1139 3587 con-

161 3605 214 3653 sult
232 3607 260 3657 de
280 3611 353 3659 oaicd
373 3615 517 3664 comestione
540 3621 565 3665 ct
585 3631 635 3668 non
658 3624 771 3678 tractum,
783 3617 898 3682 639666
909 3615 986 3682 possit
995 3615 1139 3682 dispensare

162 3685 333 3742 mnntscsndis
346 3691 498 3754 spolietis.
515 3695 551 3745 dn
568 3695 635 3765 Epis-
657 3697 678 3748 si
706 3697 907 3764 impedimentum
934 3695 967 3747 sit
994 3695 1138 3764 publicum,
