<?xml version="1.0" encoding="UTF-8"?>
<!DOCTYPE html PUBLIC "-//W3C//DTD XHTML 1.0 Transitional//EN"
    "http://www.w3.org/TR/xhtml1/DTD/xhtml1-transitional.dtd">
<html xmlns="http://www.w3.org/1999/xhtml" xml:lang="en" lang="en">
 <head>
  <title>
</title>
<meta http-equiv="Content-Type" content="text/html;charset=utf-8" />
  <meta name='ocr-system' content='tesseract 3.04.00' />
  <meta name='ocr-capabilities' content='ocr_page ocr_carea ocr_par ocr_line ocrx_word'/>
</head>
<body>
  <div class='ocr_page' id='page_1' title='image "./manualetotiusju02craigoog/manualetotiusju02craigoog_0337.png"; bbox 0 0 2548 3988; ppageno 0'>
   <div class='ocr_carea' id='block_1_1' title="bbox 225 207 972 271">
    <p class='ocr_par' dir='ltr' id='par_1_1' title="bbox 225 207 972 271">
     <span class='ocr_line' id='line_1_1' title="bbox 225 207 972 271; baseline -0.008 -1"><span class='ocrx_word' id='word_1_1' title='bbox 225 207 283 271; x_wconf 72' lang='grc'>368</span> <span class='ocrx_word' id='word_1_2' title='bbox 445 220 583 266; x_wconf 74' lang='lat' dir='ltr'>tinnulus</span> <span class='ocrx_word' id='word_1_3' title='bbox 603 219 703 266; x_wconf 89' lang='lat' dir='ltr'>ronus</span> <span class='ocrx_word' id='word_1_4' title='bbox 722 219 805 265; x_wconf 81' lang='lat' dir='ltr'>rums</span> <span class='ocrx_word' id='word_1_5' title='bbox 824 215 972 264; x_wconf 81' lang='lat' dir='ltr'>ornentur.</span> 
     </span>
    </p>
   </div>
   <div class='ocr_carea' id='block_1_2' title="bbox 164 313 1252 578">
    <p class='ocr_par' dir='ltr' id='par_1_2' title="bbox 164 313 1252 578">
     <span class='ocr_line' id='line_1_2' title="bbox 164 313 1252 401; baseline -0.003 -19"><span class='ocrx_word' id='word_1_6' title='bbox 164 359 166 364; x_wconf 92' lang='lat'>-</span> <span class='ocrx_word' id='word_1_7' title='bbox 224 318 354 401; x_wconf 81' lang='lat' dir='ltr'>gendum</span> <span class='ocrx_word' id='word_1_8' title='bbox 360 338 369 396; x_wconf 89' lang='lat'>;</span> <span class='ocrx_word' id='word_1_9' title='bbox 384 321 417 381; x_wconf 80' lang='lat'>3⁰</span> <span class='ocrx_word' id='word_1_10' title='bbox 431 335 591 400; x_wconf 87' lang='lat' dir='ltr'>personam</span> <span class='ocrx_word' id='word_1_11' title='bbox 605 316 654 380; x_wconf 88' lang='lat' dir='ltr'>oui</span> <span class='ocrx_word' id='word_1_12' title='bbox 678 321 724 380; x_wconf 85' lang='lat' dir='ltr'>ost</span> <span class='ocrx_word' id='word_1_13' title='bbox 740 313 914 398; x_wconf 80' lang='lat' dir='ltr'>infligenda.</span> <span class='ocrx_word' id='word_1_14' title='bbox 929 315 961 378; x_wconf 85' lang='lat' dir='ltr'>Si</span> <span class='ocrx_word' id='word_1_15' title='bbox 976 331 1073 378; x_wconf 91' lang='lat' dir='ltr'>unum</span> <span class='ocrx_word' id='word_1_16' title='bbox 1091 332 1130 379; x_wconf 86' lang='lat' dir='ltr'>er</span> <span class='ocrx_word' id='word_1_17' title='bbox 1147 314 1195 379; x_wconf 89' lang='lat' dir='ltr'>his</span> <span class='ocrx_word' id='word_1_18' title='bbox 1251 335 1252 350; x_wconf 57' lang='lat'>¹</span> 
     </span>
     <span class='ocr_line' id='line_1_3' title="bbox 224 405 706 485; baseline -0.004 -15"><span class='ocrx_word' id='word_1_19' title='bbox 224 408 320 485; x_wconf 81' lang='lat' dir='ltr'>desit,</span> <span class='ocrx_word' id='word_1_20' title='bbox 336 425 399 471; x_wconf 92' lang='lat' dir='ltr'>non</span> <span class='ocrx_word' id='word_1_21' title='bbox 413 405 497 470; x_wconf 85' lang='lat' dir='ltr'>adest</span> <span class='ocrx_word' id='word_1_22' title='bbox 506 405 706 470; x_wconf 83' lang='lat' dir='ltr'>contumacia.</span> 
     </span>
     <span class='ocr_line' id='line_1_4' title="bbox 188 491 1197 578; baseline 0.002 -22"><span class='ocrx_word' id='word_1_23' title='bbox 188 547 192 556; x_wconf 82' lang='grc'><strong><em>,</em></strong></span> <span class='ocrx_word' id='word_1_24' title='bbox 264 491 1197 578; x_wconf 72' lang='lat' dir='ltr'>6415.Sioensuraoontrapluresgeneratimsitlerendu,suffi-</span> 
     </span>
    </p>
   </div>
   <div class='ocr_carea' id='block_1_3' title="bbox 224 581 1196 755">
    <p class='ocr_par' dir='ltr' id='par_1_3' title="bbox 224 581 1196 755">
     <span class='ocr_line' id='line_1_5' title="bbox 224 581 1196 666; baseline -0.003 -17"><span class='ocrx_word' id='word_1_25' title='bbox 224 585 265 649; x_wconf 90' lang='lat' dir='ltr'>oit</span> <span class='ocrx_word' id='word_1_26' title='bbox 277 591 312 650; x_wconf 90' lang='lat' dir='ltr'>ut</span> <span class='ocrx_word' id='word_1_27' title='bbox 324 586 451 648; x_wconf 88' lang='lat' dir='ltr'>monitio</span> <span class='ocrx_word' id='word_1_28' title='bbox 461 584 512 646; x_wconf 84' lang='lat' dir='ltr'>tint</span> <span class='ocrx_word' id='word_1_29' title='bbox 521 585 553 647; x_wconf 95' lang='lat' dir='ltr'>in</span> <span class='ocrx_word' id='word_1_30' title='bbox 567 583 801 648; x_wconf 81' lang='lat' dir='ltr'>eoelesitooram</span> <span class='ocrx_word' id='word_1_31' title='bbox 815 583 929 666; x_wconf 91' lang='lat' dir='ltr'>populo</span> <span class='ocrx_word' id='word_1_32' title='bbox 939 602 948 644; x_wconf 74' lang='grc' dir='ltr'><strong>ι</strong></span> <span class='ocrx_word' id='word_1_33' title='bbox 959 582 984 646; x_wconf 92' lang='lat' dir='ltr'>si</span> <span class='ocrx_word' id='word_1_34' title='bbox 997 581 1196 648; x_wconf 79' lang='lat' dir='ltr'><strong>interdicatur</strong></span> 
     </span>
     <span class='ocr_line' id='line_1_6' title="bbox 224 673 1195 755; baseline -0.002 -17"><span class='ocrx_word' id='word_1_35' title='bbox 224 675 444 754; x_wconf 80' lang='lat' dir='ltr'>communitas,</span> <span class='ocrx_word' id='word_1_36' title='bbox 464 673 574 738; x_wconf 84' lang='lat' dir='ltr'>suffieit</span> <span class='ocrx_word' id='word_1_37' title='bbox 589 681 623 736; x_wconf 88' lang='lat' dir='ltr'>ut</span> <span class='ocrx_word' id='word_1_38' title='bbox 635 680 816 738; x_wconf 90' lang='lat' dir='ltr'>moneantur</span> <span class='ocrx_word' id='word_1_39' title='bbox 829 673 850 736; x_wconf 94' lang='lat' dir='ltr'>ii</span> <span class='ocrx_word' id='word_1_40' title='bbox 868 674 908 736; x_wconf 90' lang='lat' dir='ltr'>ob</span> <span class='ocrx_word' id='word_1_41' title='bbox 926 687 1058 755; x_wconf 87' lang='lat' dir='ltr'>quorum</span> <span class='ocrx_word' id='word_1_42' title='bbox 1071 673 1195 755; x_wconf 82' lang='lat' dir='ltr'>uulpem</span> 
     </span>
    </p>
   </div>
   <div class='ocr_carea' id='block_1_4' title="bbox 225 761 1252 936">
    <p class='ocr_par' dir='ltr' id='par_1_4' title="bbox 225 761 1252 936">
     <span class='ocr_line' id='line_1_7' title="bbox 225 761 1194 840; baseline 0 -14"><span class='ocrx_word' id='word_1_43' title='bbox 225 763 417 828; x_wconf 84' lang='lat' dir='ltr'>interdictum</span> <span class='ocrx_word' id='word_1_44' title='bbox 430 764 651 840; x_wconf 59' lang='lat' dir='ltr'>comminatum</span> <span class='ocrx_word' id='word_1_45' title='bbox 667 762 719 825; x_wconf 89' lang='lat' dir='ltr'>sed</span> <span class='ocrx_word' id='word_1_46' title='bbox 729 763 753 825; x_wconf 91' lang='lat' dir='ltr'>si</span> <span class='ocrx_word' id='word_1_47' title='bbox 762 781 888 826; x_wconf 81' lang='lat' dir='ltr'>censure</span> <span class='ocrx_word' id='word_1_48' title='bbox 903 763 935 824; x_wconf 95' lang='lat' dir='ltr'>in</span> <span class='ocrx_word' id='word_1_49' title='bbox 947 761 1138 829; x_wconf 91' lang='lat' dir='ltr'>individuum</span> <span class='ocrx_word' id='word_1_50' title='bbox 1152 763 1194 826; x_wconf 84' lang='lat' dir='ltr'>fe·</span> 
     </span>
     <span class='ocr_line' id='line_1_8' title="bbox 225 851 1252 936; baseline 0.001 -21"><span class='ocrx_word' id='word_1_51' title='bbox 225 858 318 934; x_wconf 85' lang='lat' dir='ltr'>retur,</span> <span class='ocrx_word' id='word_1_52' title='bbox 333 854 388 917; x_wconf 86' lang='lat' dir='ltr'>iste</span> <span class='ocrx_word' id='word_1_53' title='bbox 401 852 568 936; x_wconf 76' lang='lat' dir='ltr'>specialiter</span> <span class='ocrx_word' id='word_1_54' title='bbox 580 859 625 916; x_wconf 90' lang='lat' dir='ltr'>est</span> <span class='ocrx_word' id='word_1_55' title='bbox 639 851 810 915; x_wconf 90' lang='lat' dir='ltr'>monendus</span> <span class='ocrx_word' id='word_1_56' title='bbox 819 899 827 929; x_wconf 85' lang='lat'>,</span> <span class='ocrx_word' id='word_1_57' title='bbox 837 851 1045 914; x_wconf 80' lang='lat' dir='ltr'>tribustamen</span> <span class='ocrx_word' id='word_1_58' title='bbox 1059 855 1194 936; x_wconf 84' lang='lat' dir='ltr'>exceptis</span> <span class='ocrx_word' id='word_1_59' title='bbox 1251 857 1252 894; x_wconf 67' lang='lat' dir='ltr'>l</span> 
     </span>
    </p>
   </div>
   <div class='ocr_carea' id='block_1_5' title="bbox 131 939 1197 3061">
    <p class='ocr_par' dir='ltr' id='par_1_5' title="bbox 131 939 1195 1555">
     <span class='ocr_line' id='line_1_9' title="bbox 131 939 1194 1022; baseline 0 -17"><span class='ocrx_word' id='word_1_60' title='bbox 131 994 133 1005; x_wconf 81' lang='grc'>,</span> <span class='ocrx_word' id='word_1_61' title='bbox 225 942 344 1007; x_wconf 82' lang='lat' dir='ltr'>casibus</span> <span class='ocrx_word' id='word_1_62' title='bbox 355 963 362 1005; x_wconf 92' lang='lat'><strong>:</strong></span> <span class='ocrx_word' id='word_1_63' title='bbox 374 947 404 1006; x_wconf 88' lang='lat' dir='ltr'>l·</span> <span class='ocrx_word' id='word_1_64' title='bbox 419 943 445 1006; x_wconf 90' lang='lat' dir='ltr'>si</span> <span class='ocrx_word' id='word_1_65' title='bbox 459 960 529 1006; x_wconf 89' lang='lat' dir='ltr'>reus</span> <span class='ocrx_word' id='word_1_66' title='bbox 545 960 577 1006; x_wconf 89' lang='lat' dir='ltr'>se</span> <span class='ocrx_word' id='word_1_67' title='bbox 591 941 759 1019; x_wconf 78' lang='lat' dir='ltr'>abscondit,</span> <span class='ocrx_word' id='word_1_68' title='bbox 772 947 823 1003; x_wconf 85' lang='lat' dir='ltr'>sut</span> <span class='ocrx_word' id='word_1_69' title='bbox 837 939 941 1004; x_wconf 78' lang='lat' dir='ltr'>fraude</span> <span class='ocrx_word' id='word_1_70' title='bbox 954 939 1081 1022; x_wconf 83' lang='lat' dir='ltr'>impedit</span> <span class='ocrx_word' id='word_1_71' title='bbox 1093 943 1194 1005; x_wconf 91' lang='lat' dir='ltr'>moni·</span> 
     </span>
     <span class='ocr_line' id='line_1_10' title="bbox 225 1027 1194 1109; baseline 0.002 -17"><span class='ocrx_word' id='word_1_72' title='bbox 225 1031 355 1109; x_wconf 90' lang='lat' dir='ltr'>tionem,</span> <span class='ocrx_word' id='word_1_73' title='bbox 371 1037 444 1096; x_wconf 86' lang='lat' dir='ltr'>tuno</span> <span class='ocrx_word' id='word_1_74' title='bbox 465 1029 574 1094; x_wconf 85' lang='lat' dir='ltr'>suffieit</span> <span class='ocrx_word' id='word_1_75' title='bbox 586 1035 621 1094; x_wconf 87' lang='lat' dir='ltr'>ut</span> <span class='ocrx_word' id='word_1_76' title='bbox 639 1029 766 1092; x_wconf 88' lang='lat' dir='ltr'>monitio</span> <span class='ocrx_word' id='word_1_77' title='bbox 777 1027 830 1092; x_wconf 88' lang='lat' dir='ltr'>liat</span> <span class='ocrx_word' id='word_1_78' title='bbox 843 1028 875 1092; x_wconf 92' lang='lat' dir='ltr'>iu</span> <span class='ocrx_word' id='word_1_79' title='bbox 893 1029 960 1108; x_wconf 77' lang='lat' dir='ltr'>eius</span> <span class='ocrx_word' id='word_1_80' title='bbox 977 1028 1085 1108; x_wconf 82' lang='lat' dir='ltr'>domo,</span> <span class='ocrx_word' id='word_1_81' title='bbox 1101 1031 1148 1094; x_wconf 80' lang='lat' dir='ltr'>rel</span> <span class='ocrx_word' id='word_1_82' title='bbox 1170 1033 1194 1094; x_wconf 88' lang='lat' dir='ltr'>si</span> 
     </span>
     <span class='ocr_line' id='line_1_11' title="bbox 225 1117 1195 1200; baseline 0.004 -20"><span class='ocrx_word' id='word_1_83' title='bbox 225 1118 425 1183; x_wconf 91' lang='lat' dir='ltr'>domumnon</span> <span class='ocrx_word' id='word_1_84' title='bbox 438 1119 560 1198; x_wconf 86' lang='lat' dir='ltr'>habeat,</span> <span class='ocrx_word' id='word_1_85' title='bbox 573 1119 761 1197; x_wconf 71' lang='lat' dir='ltr'>insanient,</span> <span class='ocrx_word' id='word_1_86' title='bbox 775 1118 823 1182; x_wconf 83' lang='lat' dir='ltr'>vel</span> <span class='ocrx_word' id='word_1_87' title='bbox 839 1117 905 1180; x_wconf 87' lang='lat' dir='ltr'>loco</span> <span class='ocrx_word' id='word_1_88' title='bbox 920 1117 1056 1200; x_wconf 88' lang='lat' dir='ltr'>publioo;</span> <span class='ocrx_word' id='word_1_89' title='bbox 1069 1121 1102 1180; x_wconf 81' lang='lat'>2·</span> <span class='ocrx_word' id='word_1_90' title='bbox 1112 1120 1195 1184; x_wconf 90' lang='lat' dir='ltr'>idem</span> 
     </span>
     <span class='ocr_line' id='line_1_12' title="bbox 226 1205 1195 1288; baseline 0.003 -18"><span class='ocrx_word' id='word_1_91' title='bbox 226 1212 272 1270; x_wconf 88' lang='lat' dir='ltr'>est</span> <span class='ocrx_word' id='word_1_92' title='bbox 285 1205 449 1271; x_wconf 88' lang='lat' dir='ltr'>dicendum</span> <span class='ocrx_word' id='word_1_93' title='bbox 469 1207 494 1270; x_wconf 94' lang='lat' dir='ltr'>si</span> <span class='ocrx_word' id='word_1_94' title='bbox 508 1226 577 1271; x_wconf 89' lang='lat' dir='ltr'>reus</span> <span class='ocrx_word' id='word_1_95' title='bbox 597 1215 642 1270; x_wconf 90' lang='lat' dir='ltr'>est</span> <span class='ocrx_word' id='word_1_96' title='bbox 655 1208 744 1272; x_wconf 88' lang='lat' dir='ltr'>simul</span> <span class='ocrx_word' id='word_1_97' title='bbox 768 1206 962 1288; x_wconf 75' lang='lat' dir='ltr'>personaliter</span> <span class='ocrx_word' id='word_1_98' title='bbox 976 1207 1104 1286; x_wconf 80' lang='lat' dir='ltr'>citatus,</span> <span class='ocrx_word' id='word_1_99' title='bbox 1119 1215 1195 1274; x_wconf 84' lang='lat' dir='ltr'>tuno</span> 
     </span>
     <span class='ocr_line' id='line_1_13' title="bbox 226 1295 1192 1378; baseline 0.005 -22"><span class='ocrx_word' id='word_1_100' title='bbox 226 1295 350 1378; x_wconf 85' lang='lat' dir='ltr'>reliquae</span> <span class='ocrx_word' id='word_1_101' title='bbox 364 1295 544 1359; x_wconf 83' lang='lat' dir='ltr'>monitiones</span> <span class='ocrx_word' id='word_1_102' title='bbox 566 1295 631 1359; x_wconf 89' lang='lat' dir='ltr'>lieri</span> <span class='ocrx_word' id='word_1_103' title='bbox 654 1304 780 1378; x_wconf 89' lang='lat' dir='ltr'>possunt</span> <span class='ocrx_word' id='word_1_104' title='bbox 799 1295 890 1358; x_wconf 85' lang='lat' dir='ltr'>etiam</span> <span class='ocrx_word' id='word_1_105' title='bbox 906 1313 1009 1359; x_wconf 84' lang='lat' dir='ltr'>eoram</span> <span class='ocrx_word' id='word_1_106' title='bbox 1031 1295 1192 1378; x_wconf 78' lang='lat' dir='ltr'>tribunali3</span> 
     </span>
     <span class='ocr_line' id='line_1_14' title="bbox 227 1382 1195 1467; baseline 0.007 -22"><span class='ocrx_word' id='word_1_107' title='bbox 227 1386 258 1446; x_wconf 76' lang='lat'>3⁰</span> <span class='ocrx_word' id='word_1_108' title='bbox 273 1385 344 1447; x_wconf 91' lang='lat' dir='ltr'>item</span> <span class='ocrx_word' id='word_1_109' title='bbox 364 1385 485 1467; x_wconf 90' lang='lat' dir='ltr'>quando</span> <span class='ocrx_word' id='word_1_110' title='bbox 505 1384 624 1466; x_wconf 86' lang='lat' dir='ltr'>probari</span> <span class='ocrx_word' id='word_1_111' title='bbox 645 1389 743 1467; x_wconf 85' lang='lat' dir='ltr'>potest</span> <span class='ocrx_word' id='word_1_112' title='bbox 763 1385 962 1448; x_wconf 87' lang='lat' dir='ltr'>monitionem</span> <span class='ocrx_word' id='word_1_113' title='bbox 980 1382 1064 1448; x_wconf 92' lang='lat' dir='ltr'>domi</span> <span class='ocrx_word' id='word_1_114' title='bbox 1084 1384 1195 1452; x_wconf 78' lang='lat' dir='ltr'>iactam</span> 
     </span>
     <span class='ocr_line' id='line_1_15' title="bbox 227 1471 657 1555; baseline 0.005 -21"><span class='ocrx_word' id='word_1_115' title='bbox 227 1471 265 1534; x_wconf 89' lang='lat' dir='ltr'>ad</span> <span class='ocrx_word' id='word_1_116' title='bbox 277 1472 411 1536; x_wconf 84' lang='lat' dir='ltr'>notitiem</span> <span class='ocrx_word' id='word_1_117' title='bbox 425 1473 467 1535; x_wconf 90' lang='lat' dir='ltr'>rei</span> <span class='ocrx_word' id='word_1_118' title='bbox 477 1473 657 1555; x_wconf 87' lang='lat' dir='ltr'>pervenisse.</span> 
     </span>
    </p>

    <p class='ocr_par' dir='ltr' id='par_1_6' title="bbox 227 1562 1197 2710">
     <span class='ocr_line' id='line_1_16' title="bbox 267 1562 1197 1645; baseline 0.002 -22"><span class='ocrx_word' id='word_1_119' title='bbox 267 1563 356 1624; x_wconf 76' lang='lat'><strong>6416.</strong></span> <span class='ocrx_word' id='word_1_120' title='bbox 378 1563 501 1624; x_wconf 82' lang='lat' dir='ltr'>Certum</span> <span class='ocrx_word' id='word_1_121' title='bbox 528 1569 573 1624; x_wconf 87' lang='lat' dir='ltr'>est</span> <span class='ocrx_word' id='word_1_122' title='bbox 598 1569 699 1625; x_wconf 90' lang='lat' dir='ltr'>autem</span> <span class='ocrx_word' id='word_1_123' title='bbox 719 1562 802 1645; x_wconf 85' lang='lat' dir='ltr'>qudd</span> <span class='ocrx_word' id='word_1_124' title='bbox 821 1562 901 1626; x_wconf 83' lang='lat' dir='ltr'>trinu</span> <span class='ocrx_word' id='word_1_125' title='bbox 924 1563 1052 1626; x_wconf 90' lang='lat' dir='ltr'>monitio</span> <span class='ocrx_word' id='word_1_126' title='bbox 1071 1581 1134 1628; x_wconf 92' lang='lat' dir='ltr'>non</span> <span class='ocrx_word' id='word_1_127' title='bbox 1157 1563 1197 1626; x_wconf 89' lang='lat' dir='ltr'>sit</span> 
     </span>
     <span class='ocr_line' id='line_1_17' title="bbox 228 1650 1197 1734; baseline 0 -20"><span class='ocrx_word' id='word_1_128' title='bbox 228 1650 394 1714; x_wconf 83' lang='lat' dir='ltr'>neeessarie</span> <span class='ocrx_word' id='word_1_129' title='bbox 407 1651 446 1714; x_wconf 88' lang='lat' dir='ltr'>sd</span> <span class='ocrx_word' id='word_1_130' title='bbox 458 1650 637 1714; x_wconf 81' lang='lat' dir='ltr'>validitatem</span> <span class='ocrx_word' id='word_1_131' title='bbox 651 1670 798 1729; x_wconf 83' lang='lat' dir='ltr'>oensurae,</span> <span class='ocrx_word' id='word_1_132' title='bbox 809 1651 860 1718; x_wconf 87' lang='lat' dir='ltr'>sed</span> <span class='ocrx_word' id='word_1_133' title='bbox 871 1651 970 1714; x_wconf 77' lang='lat' dir='ltr'>solium</span> <span class='ocrx_word' id='word_1_134' title='bbox 984 1651 1022 1715; x_wconf 89' lang='lat' dir='ltr'>ud</span> <span class='ocrx_word' id='word_1_135' title='bbox 1035 1653 1101 1734; x_wconf 89' lang='lat' dir='ltr'>ejus</span> <span class='ocrx_word' id='word_1_136' title='bbox 1115 1652 1197 1715; x_wconf 91' lang='lat' dir='ltr'>lioei·</span> 
     </span>
     <span class='ocr_line' id='line_1_18' title="bbox 228 1739 1193 1824; baseline 0.001 -22"><span class='ocrx_word' id='word_1_137' title='bbox 228 1745 337 1802; x_wconf 84' lang='lat' dir='ltr'>tutem:</span> <span class='ocrx_word' id='word_1_138' title='bbox 350 1759 417 1822; x_wconf 83' lang='lat' dir='ltr'>oap.</span> <span class='ocrx_word' id='word_1_139' title='bbox 431 1740 574 1818; x_wconf 83' lang='lat' dir='ltr'>Romana,</span> <span class='ocrx_word' id='word_1_140' title='bbox 585 1739 700 1804; x_wconf 80' lang='lat' dir='ltr'>dorent.</span> <span class='ocrx_word' id='word_1_141' title='bbox 713 1761 865 1817; x_wconf 75' lang='lat' dir='ltr'>excomm,</span> <span class='ocrx_word' id='word_1_142' title='bbox 876 1741 907 1802; x_wconf 92' lang='lat' dir='ltr'>in</span> <span class='ocrx_word' id='word_1_143' title='bbox 917 1745 960 1819; x_wconf 77' lang='lat'>6⁰,</span> <span class='ocrx_word' id='word_1_144' title='bbox 971 1747 1076 1824; x_wconf 82' lang='lat' dir='ltr'>etoap.</span> <span class='ocrx_word' id='word_1_145' title='bbox 1087 1741 1193 1820; x_wconf 74' lang='lat' dir='ltr'>Socra,</span> 
     </span>
     <span class='ocr_line' id='line_1_19' title="bbox 227 1827 1195 1912; baseline 0.003 -22"><span class='ocrx_word' id='word_1_146' title='bbox 227 1827 262 1890; x_wconf 82' lang='lat' dir='ltr'>de</span> <span class='ocrx_word' id='word_1_147' title='bbox 274 1835 347 1894; x_wconf 79' lang='lat' dir='ltr'>sent.</span> <span class='ocrx_word' id='word_1_148' title='bbox 362 1849 502 1893; x_wconf 77' lang='lat' dir='ltr'>ercomm.</span> <span class='ocrx_word' id='word_1_149' title='bbox 517 1834 541 1908; x_wconf 83' lang='lat'>¹,</span> <span class='ocrx_word' id='word_1_150' title='bbox 557 1830 609 1894; x_wconf 91' lang='lat' dir='ltr'>ubi</span> <span class='ocrx_word' id='word_1_151' title='bbox 622 1831 712 1894; x_wconf 87' lang='lat' dir='ltr'>etiam</span> <span class='ocrx_word' id='word_1_152' title='bbox 719 1831 813 1912; x_wconf 80' lang='lat' dir='ltr'>justos</span> <span class='ocrx_word' id='word_1_153' title='bbox 826 1829 968 1893; x_wconf 84' lang='lat' dir='ltr'>dicuntur</span> <span class='ocrx_word' id='word_1_154' title='bbox 981 1832 1195 1895; x_wconf 82' lang='lat' dir='ltr'>excommuni-</span> 
     </span>
     <span class='ocr_line' id='line_1_20' title="bbox 228 1918 1194 2001; baseline 0.001 -20"><span class='ocrx_word' id='word_1_155' title='bbox 228 1918 362 1982; x_wconf 85' lang='lat' dir='ltr'>outiones</span> <span class='ocrx_word' id='word_1_156' title='bbox 379 1920 444 1982; x_wconf 76' lang='lat' dir='ltr'>sind</span> <span class='ocrx_word' id='word_1_157' title='bbox 458 1919 537 1982; x_wconf 81' lang='lat' dir='ltr'>trint</span> <span class='ocrx_word' id='word_1_158' title='bbox 550 1919 727 1992; x_wconf 85' lang='lat' dir='ltr'>monitione.</span> <span class='ocrx_word' id='word_1_159' title='bbox 743 1919 878 2001; x_wconf 80' lang='lat' dir='ltr'>intellige</span> <span class='ocrx_word' id='word_1_160' title='bbox 898 1919 962 1994; x_wconf 77' lang='lat' dir='ltr'>illas</span> <span class='ocrx_word' id='word_1_161' title='bbox 975 1938 1041 1983; x_wconf 87' lang='lat' dir='ltr'>esse</span> <span class='ocrx_word' id='word_1_162' title='bbox 1046 1919 1149 2001; x_wconf 79' lang='lat' dir='ltr'>justos</span> <span class='ocrx_word' id='word_1_163' title='bbox 1163 1921 1194 1982; x_wconf 92' lang='lat' dir='ltr'>in</span> 
     </span>
     <span class='ocr_line' id='line_1_21' title="bbox 228 2005 1197 2090; baseline 0.001 -19"><span class='ocrx_word' id='word_1_164' title='bbox 228 2009 375 2090; x_wconf 81' lang='lat' dir='ltr'>quantum</span> <span class='ocrx_word' id='word_1_165' title='bbox 389 2027 451 2072; x_wconf 94' lang='lat' dir='ltr'>non</span> <span class='ocrx_word' id='word_1_166' title='bbox 465 2015 648 2073; x_wconf 87' lang='lat' dir='ltr'>suntoontra</span> <span class='ocrx_word' id='word_1_167' title='bbox 658 2009 804 2088; x_wconf 83' lang='lat' dir='ltr'>justitiam</span> <span class='ocrx_word' id='word_1_168' title='bbox 817 2005 1061 2072; x_wconf 77' lang='lat' dir='ltr'>commutetivam</span> <span class='ocrx_word' id='word_1_169' title='bbox 1070 2013 1125 2072; x_wconf 71' lang='lat' dir='ltr'>&#39;aut</span> <span class='ocrx_word' id='word_1_170' title='bbox 1136 2009 1197 2072; x_wconf 85' lang='lat' dir='ltr'>dis·</span> 
     </span>
     <span class='ocr_line' id='line_1_22' title="bbox 228 2096 1196 2180; baseline 0.004 -22"><span class='ocrx_word' id='word_1_171' title='bbox 228 2096 414 2176; x_wconf 75' lang='lat' dir='ltr'>tribulium,</span> <span class='ocrx_word' id='word_1_172' title='bbox 433 2097 759 2180; x_wconf 84' lang='lat' dir='ltr'>quamvissintoontra</span> <span class='ocrx_word' id='word_1_173' title='bbox 779 2097 917 2178; x_wconf 74' lang='lat' dir='ltr'>legalem.</span> <span class='ocrx_word' id='word_1_174' title='bbox 937 2097 1136 2179; x_wconf 81' lang='lat' dir='ltr'>Excipiuntur</span> <span class='ocrx_word' id='word_1_175' title='bbox 1149 2105 1196 2162; x_wconf 80' lang='lat' dir='ltr'>tu·</span> 
     </span>
     <span class='ocr_line' id='line_1_23' title="bbox 229 2185 1196 2266; baseline 0.004 -20"><span class='ocrx_word' id='word_1_176' title='bbox 229 2201 300 2248; x_wconf 90' lang='lat' dir='ltr'>men</span> <span class='ocrx_word' id='word_1_177' title='bbox 313 2185 374 2249; x_wconf 94' lang='lat' dir='ltr'>duo</span> <span class='ocrx_word' id='word_1_178' title='bbox 385 2203 471 2249; x_wconf 85' lang='lat' dir='ltr'>casus</span> <span class='ocrx_word' id='word_1_179' title='bbox 481 2187 512 2248; x_wconf 90' lang='lat' dir='ltr'>in</span> <span class='ocrx_word' id='word_1_180' title='bbox 527 2185 636 2266; x_wconf 86' lang='lat' dir='ltr'>quibus</span> <span class='ocrx_word' id='word_1_181' title='bbox 649 2203 776 2248; x_wconf 86' lang='lat' dir='ltr'>censura</span> <span class='ocrx_word' id='word_1_182' title='bbox 790 2187 855 2248; x_wconf 78' lang='lat' dir='ltr'>sine</span> <span class='ocrx_word' id='word_1_183' title='bbox 867 2185 962 2248; x_wconf 92' lang='lat' dir='ltr'>tribus</span> <span class='ocrx_word' id='word_1_184' title='bbox 976 2185 1196 2250; x_wconf 90' lang='lat' dir='ltr'>monitionibus</span> 
     </span>
     <span class='ocr_line' id='line_1_24' title="bbox 229 2273 1196 2356; baseline 0.002 -20"><span class='ocrx_word' id='word_1_185' title='bbox 229 2280 306 2336; x_wconf 87' lang='lat' dir='ltr'>esset</span> <span class='ocrx_word' id='word_1_186' title='bbox 318 2273 463 2336; x_wconf 84' lang='lat' dir='ltr'>invalida:</span> <span class='ocrx_word' id='word_1_187' title='bbox 478 2279 509 2338; x_wconf 85' lang='lat' dir='ltr'>t·</span> <span class='ocrx_word' id='word_1_188' title='bbox 523 2273 644 2356; x_wconf 84' lang='lat' dir='ltr'>quando</span> <span class='ocrx_word' id='word_1_189' title='bbox 652 2274 746 2353; x_wconf 84' lang='lat' dir='ltr'>judex</span> <span class='ocrx_word' id='word_1_190' title='bbox 759 2292 918 2337; x_wconf 83' lang='lat' dir='ltr'>censuram</span> <span class='ocrx_word' id='word_1_191' title='bbox 930 2275 987 2338; x_wconf 85' lang='lat' dir='ltr'>lert</span> <span class='ocrx_word' id='word_1_192' title='bbox 999 2283 1104 2340; x_wconf 86' lang='lat' dir='ltr'>eontra</span> <span class='ocrx_word' id='word_1_193' title='bbox 1113 2293 1196 2338; x_wconf 87' lang='lat' dir='ltr'>oom-</span> 
     </span>
     <span class='ocr_line' id='line_1_25' title="bbox 229 2362 1195 2447; baseline 0.003 -23"><span class='ocrx_word' id='word_1_194' title='bbox 229 2362 1195 2447; x_wconf 78' lang='lat' dir='ltr'>munirentemcumexoommunioatodseipso:uup.Stataimua,</span> 
     </span>
     <span class='ocr_line' id='line_1_26' title="bbox 228 2450 1196 2535; baseline 0.002 -21"><span class='ocrx_word' id='word_1_195' title='bbox 228 2457 258 2514; x_wconf 86' lang='lat' dir='ltr'>et</span> <span class='ocrx_word' id='word_1_196' title='bbox 271 2468 337 2534; x_wconf 81' lang='lat' dir='ltr'>cap.</span> <span class='ocrx_word' id='word_1_197' title='bbox 352 2450 519 2530; x_wconf 71' lang='lat' dir='ltr'>Statilium,</span> <span class='ocrx_word' id='word_1_198' title='bbox 529 2453 563 2514; x_wconf 81' lang='lat' dir='ltr'>de</span> <span class='ocrx_word' id='word_1_199' title='bbox 574 2460 649 2514; x_wconf 84' lang='lat' dir='ltr'>sent.</span> <span class='ocrx_word' id='word_1_200' title='bbox 664 2472 817 2529; x_wconf 68' lang='lat' dir='ltr'>excomm„</span> <span class='ocrx_word' id='word_1_201' title='bbox 829 2452 860 2514; x_wconf 91' lang='lat' dir='ltr'>in</span> <span class='ocrx_word' id='word_1_202' title='bbox 870 2457 916 2529; x_wconf 84' lang='lat'>6·;</span> <span class='ocrx_word' id='word_1_203' title='bbox 931 2458 964 2516; x_wconf 74' lang='lat'>2⁰</span> <span class='ocrx_word' id='word_1_204' title='bbox 977 2453 1098 2535; x_wconf 78' lang='lat' dir='ltr'>qnando</span> <span class='ocrx_word' id='word_1_205' title='bbox 1111 2451 1196 2517; x_wconf 90' lang='lat' dir='ltr'>dele-</span> 
     </span>
     <span class='ocr_line' id='line_1_27' title="bbox 229 2540 1196 2624; baseline 0.003 -22"><span class='ocrx_word' id='word_1_206' title='bbox 229 2545 315 2622; x_wconf 81' lang='lat' dir='ltr'>gatus</span> <span class='ocrx_word' id='word_1_207' title='bbox 329 2559 390 2603; x_wconf 91' lang='lat' dir='ltr'>non</span> <span class='ocrx_word' id='word_1_208' title='bbox 400 2543 508 2624; x_wconf 83' lang='lat' dir='ltr'>accipit</span> <span class='ocrx_word' id='word_1_209' title='bbox 521 2547 696 2624; x_wconf 77' lang='lat' dir='ltr'>potestatem</span> <span class='ocrx_word' id='word_1_210' title='bbox 706 2559 849 2606; x_wconf 83' lang='lat' dir='ltr'>sensuras</span> <span class='ocrx_word' id='word_1_211' title='bbox 861 2540 993 2620; x_wconf 85' lang='lat' dir='ltr'>serendi,</span> <span class='ocrx_word' id='word_1_212' title='bbox 1009 2541 1066 2604; x_wconf 90' lang='lat' dir='ltr'>nisi</span> <span class='ocrx_word' id='word_1_213' title='bbox 1078 2542 1196 2624; x_wconf 66' lang='lat' dir='ltr'>praeviis</span> 
     </span>
     <span class='ocr_line' id='line_1_28' title="bbox 229 2629 1115 2710; baseline 0.007 -21"><span class='ocrx_word' id='word_1_214' title='bbox 229 2629 324 2691; x_wconf 90' lang='lat' dir='ltr'>tribus</span> <span class='ocrx_word' id='word_1_215' title='bbox 338 2631 563 2694; x_wconf 86' lang='lat' dir='ltr'>monitionibus.</span> <span class='ocrx_word' id='word_1_216' title='bbox 579 2632 622 2709; x_wconf 79' lang='lat' dir='ltr'>(S.</span> <span class='ocrx_word' id='word_1_217' title='bbox 639 2631 772 2710; x_wconf 68' lang='lat' dir='ltr'>Lignum,</span> <span class='ocrx_word' id='word_1_218' title='bbox 788 2631 840 2692; x_wconf 90' lang='lat' dir='ltr'>lib.</span> <span class='ocrx_word' id='word_1_219' title='bbox 857 2635 889 2709; x_wconf 79' lang='grc' dir='ltr'>Ἰ,</span> <span class='ocrx_word' id='word_1_220' title='bbox 904 2629 945 2692; x_wconf 86' lang='lat' dir='ltr'>n¹¹</span> <span class='ocrx_word' id='word_1_221' title='bbox 956 2635 994 2703; x_wconf 75' lang='grc'>57</span> <span class='ocrx_word' id='word_1_222' title='bbox 1009 2636 1039 2694; x_wconf 87' lang='lat' dir='ltr'>et</span> <span class='ocrx_word' id='word_1_223' title='bbox 1051 2633 1115 2709; x_wconf 85' lang='grc'><strong>68.)</strong></span> 
     </span>
    </p>

    <p class='ocr_par' dir='ltr' id='par_1_7' title="bbox 228 2717 1196 3061">
     <span class='ocr_line' id='line_1_29' title="bbox 268 2717 1196 2801; baseline 0.008 -24"><span class='ocrx_word' id='word_1_224' title='bbox 268 2720 357 2778; x_wconf 84' lang='lat' dir='ltr'>6tt7.</span> <span class='ocrx_word' id='word_1_225' title='bbox 374 2753 406 2766; x_wconf 84' lang='lat'>-</span> <span class='ocrx_word' id='word_1_226' title='bbox 420 2721 457 2780; x_wconf 92' lang='lat' dir='ltr'>ll.</span> <span class='ocrx_word' id='word_1_227' title='bbox 472 2717 573 2796; x_wconf 78' lang='lat' dir='ltr'>Quoad</span> <span class='ocrx_word' id='word_1_228' title='bbox 583 2737 711 2781; x_wconf 76' lang='lat' dir='ltr'>censure</span> <span class='ocrx_word' id='word_1_229' title='bbox 723 2719 906 2782; x_wconf 83' lang='lat' dir='ltr'>sententiam.</span> <span class='ocrx_word' id='word_1_230' title='bbox 923 2719 969 2780; x_wconf 78' lang='lat' dir='ltr'>Ad</span> <span class='ocrx_word' id='word_1_231' title='bbox 984 2719 1078 2801; x_wconf 88' lang='lat' dir='ltr'>ipsius</span> <span class='ocrx_word' id='word_1_232' title='bbox 1090 2719 1196 2784; x_wconf 86' lang='lat' dir='ltr'>ualidi·</span> 
     </span>
     <span class='ocr_line' id='line_1_30' title="bbox 228 2807 1192 2890; baseline 0.007 -24"><span class='ocrx_word' id='word_1_233' title='bbox 228 2808 319 2866; x_wconf 89' lang='lat' dir='ltr'>tatem</span> <span class='ocrx_word' id='word_1_234' title='bbox 331 2807 490 2888; x_wconf 85' lang='lat' dir='ltr'>requiritur</span> <span class='ocrx_word' id='word_1_235' title='bbox 504 2813 538 2870; x_wconf 87' lang='lat' dir='ltr'>ut</span> <span class='ocrx_word' id='word_1_236' title='bbox 554 2808 675 2890; x_wconf 82' lang='lat' dir='ltr'>scripto,</span> <span class='ocrx_word' id='word_1_237' title='bbox 690 2807 804 2886; x_wconf 73' lang='lat' dir='ltr'>verbiS,</span> <span class='ocrx_word' id='word_1_238' title='bbox 820 2813 872 2871; x_wconf 86' lang='lat' dir='ltr'>aut</span> <span class='ocrx_word' id='word_1_239' title='bbox 888 2807 947 2872; x_wconf 86' lang='lat' dir='ltr'>alio</span> <span class='ocrx_word' id='word_1_240' title='bbox 966 2809 1054 2890; x_wconf 82' lang='lat' dir='ltr'>signo</span> <span class='ocrx_word' id='word_1_241' title='bbox 1071 2816 1192 2873; x_wconf 86' lang='lat' dir='ltr'>externo</span> 
     </span>
     <span class='ocr_line' id='line_1_31' title="bbox 228 2892 1193 2980; baseline 0.007 -26"><span class='ocrx_word' id='word_1_242' title='bbox 228 2892 414 2975; x_wconf 86' lang='lat' dir='ltr'>proseratur,</span> <span class='ocrx_word' id='word_1_243' title='bbox 426 2895 537 2976; x_wconf 86' lang='lat' dir='ltr'>quibus</span> <span class='ocrx_word' id='word_1_244' title='bbox 550 2895 731 2959; x_wconf 86' lang='lat' dir='ltr'>suliioienter</span> <span class='ocrx_word' id='word_1_245' title='bbox 744 2896 960 2961; x_wconf 81' lang='lat' dir='ltr'>determinetur</span> <span class='ocrx_word' id='word_1_246' title='bbox 979 2915 1119 2980; x_wconf 84' lang='lat' dir='ltr'>persona,</span> <span class='ocrx_word' id='word_1_247' title='bbox 1134 2899 1193 2962; x_wconf 88' lang='lat' dir='ltr'>ori-</span> 
     </span>
     <span class='ocr_line' id='line_1_32' title="bbox 229 2983 1191 3061; baseline 0.006 -16"><span class='ocrx_word' id='word_1_248' title='bbox 229 2999 300 3046; x_wconf 87' lang='lat' dir='ltr'>men</span> <span class='ocrx_word' id='word_1_249' title='bbox 308 2987 339 3045; x_wconf 89' lang='lat' dir='ltr'>et</span> <span class='ocrx_word' id='word_1_250' title='bbox 348 3001 488 3061; x_wconf 85' lang='lat' dir='ltr'>censura;</span> <span class='ocrx_word' id='word_1_251' title='bbox 502 2990 532 3047; x_wconf 87' lang='lat' dir='ltr'>et</span> <span class='ocrx_word' id='word_1_252' title='bbox 541 2983 792 3048; x_wconf 88' lang='lat' dir='ltr'>idemdioendum</span> <span class='ocrx_word' id='word_1_253' title='bbox 801 2985 840 3050; x_wconf 85' lang='lat' dir='ltr'>de</span> <span class='ocrx_word' id='word_1_254' title='bbox 849 3005 984 3050; x_wconf 74' lang='lat' dir='ltr'>censurae</span> <span class='ocrx_word' id='word_1_255' title='bbox 993 2986 1191 3051; x_wconf 86' lang='lat' dir='ltr'>absolutione.</span> 
     </span>
    </p>
   </div>
   <div class='ocr_carea' id='block_1_6' title="bbox 230 3079 1194 3256">
    <p class='ocr_par' dir='ltr' id='par_1_8' title="bbox 230 3079 1194 3256">
     <span class='ocr_line' id='line_1_33' title="bbox 269 3079 1194 3160; baseline 0.003 -15"><span class='ocrx_word' id='word_1_256' title='bbox 269 3081 308 3145; x_wconf 85' lang='lat' dir='ltr'>Ut</span> <span class='ocrx_word' id='word_1_257' title='bbox 320 3079 476 3144; x_wconf 83' lang='lat' dir='ltr'>verddiotu</span> <span class='ocrx_word' id='word_1_258' title='bbox 485 3081 632 3144; x_wconf 88' lang='lat' dir='ltr'>sententia</span> <span class='ocrx_word' id='word_1_259' title='bbox 644 3082 683 3143; x_wconf 87' lang='lat' dir='ltr'>sit</span> <span class='ocrx_word' id='word_1_260' title='bbox 696 3081 790 3160; x_wconf 83' lang='lat' dir='ltr'>licitu,</span> <span class='ocrx_word' id='word_1_261' title='bbox 801 3081 994 3146; x_wconf 75' lang='lat' dir='ltr'>observande</span> <span class='ocrx_word' id='word_1_262' title='bbox 1004 3090 1076 3146; x_wconf 88' lang='lat' dir='ltr'>sunt</span> <span class='ocrx_word' id='word_1_263' title='bbox 1086 3084 1194 3148; x_wconf 89' lang='lat' dir='ltr'>solem-</span> 
     </span>
     <span class='ocr_line' id='line_1_34' title="bbox 230 3167 1190 3256; baseline 0.004 -24"><span class='ocrx_word' id='word_1_264' title='bbox 230 3167 1190 3256; x_wconf 75' lang='lat' dir='ltr'>nitntesassignstaeablnnooent.lvinsepcicmmedicioola&#39;sl,</span> 
     </span>
    </p>
   </div>
   <div class='ocr_carea' id='block_1_7' title="bbox 215 3329 1202 3684">
    <p class='ocr_par' dir='ltr' id='par_1_9' title="bbox 215 3329 1202 3684">
     <span class='ocr_line' id='line_1_35' title="bbox 247 3329 1202 3394; baseline -0.001 -13"><span class='ocrx_word' id='word_1_265' title='bbox 247 3335 257 3371; x_wconf 92' lang='lat'>¹</span> <span class='ocrx_word' id='word_1_266' title='bbox 271 3331 310 3382; x_wconf 83' lang='lat' dir='ltr'>Sic</span> <span class='ocrx_word' id='word_1_267' title='bbox 322 3332 396 3381; x_wconf 82' lang='lat' dir='ltr'>habet</span> <span class='ocrx_word' id='word_1_268' title='bbox 412 3345 462 3392; x_wconf 80' lang='lat' dir='ltr'>cap.</span> <span class='ocrx_word' id='word_1_269' title='bbox 475 3329 565 3382; x_wconf 79' lang='lat' dir='ltr'>Sucro:</span> <span class='ocrx_word' id='word_1_270' title='bbox 577 3350 589 3375; x_wconf 80' lang='lat' dir='ltr'>n</span> <span class='ocrx_word' id='word_1_271' title='bbox 600 3330 636 3380; x_wconf 85' lang='lat' dir='ltr'>lie</span> <span class='ocrx_word' id='word_1_272' title='bbox 645 3330 700 3394; x_wconf 85' lang='lat' dir='ltr'>quis</span> <span class='ocrx_word' id='word_1_273' title='bbox 712 3330 737 3380; x_wconf 92' lang='lat' dir='ltr'>in</span> <span class='ocrx_word' id='word_1_274' title='bbox 749 3329 860 3393; x_wconf 79' lang='lat' dir='ltr'>aliquam</span> <span class='ocrx_word' id='word_1_275' title='bbox 874 3329 1135 3384; x_wconf 81' lang='lat' dir='ltr'>excommunicationis</span> <span class='ocrx_word' id='word_1_276' title='bbox 1146 3343 1202 3382; x_wconf 83' lang='lat' dir='ltr'>sau·</span> 
     </span>
     <span class='ocr_line' id='line_1_36' title="bbox 215 3401 1200 3468; baseline -0.001 -14"><span class='ocrx_word' id='word_1_277' title='bbox 215 3423 228 3453; x_wconf 82' lang='grc' dir='ltr'>ι</span> <span class='ocrx_word' id='word_1_278' title='bbox 244 3404 357 3460; x_wconf 79' lang='lat' dir='ltr'>tentiam,</span> <span class='ocrx_word' id='word_1_279' title='bbox 374 3401 421 3452; x_wconf 90' lang='lat' dir='ltr'>nisi</span> <span class='ocrx_word' id='word_1_280' title='bbox 436 3401 585 3465; x_wconf 83' lang='lat' dir='ltr'>competenti</span> <span class='ocrx_word' id='word_1_281' title='bbox 600 3401 766 3453; x_wconf 84' lang='lat' dir='ltr'>admonitione</span> <span class='ocrx_word' id='word_1_282' title='bbox 780 3403 918 3466; x_wconf 63' lang='lat' dir='ltr'>praemium,</span> <span class='ocrx_word' id='word_1_283' title='bbox 929 3409 955 3454; x_wconf 86' lang='lat' dir='ltr'>et</span> <span class='ocrx_word' id='word_1_284' title='bbox 969 3403 1080 3467; x_wconf 85' lang='lat' dir='ltr'>personis</span> <span class='ocrx_word' id='word_1_285' title='bbox 1092 3417 1200 3468; x_wconf 79' lang='lat' dir='ltr'>preren·</span> 
     </span>
     <span class='ocr_line' id='line_1_37' title="bbox 216 3473 1200 3540; baseline 0.003 -20"><span class='ocrx_word' id='word_1_286' title='bbox 216 3493 229 3520; x_wconf 75' lang='grc' dir='ltr'><strong>ι</strong></span> <span class='ocrx_word' id='word_1_287' title='bbox 247 3473 453 3535; x_wconf 83' lang='lat' dir='ltr'>tibusidoneis...,</span> <span class='ocrx_word' id='word_1_288' title='bbox 469 3473 628 3536; x_wconf 65' lang='lat' dir='ltr'>promulgare</span> <span class='ocrx_word' id='word_1_289' title='bbox 639 3481 788 3536; x_wconf 73' lang='lat' dir='ltr'>prosumstr</span> <span class='ocrx_word' id='word_1_290' title='bbox 803 3475 869 3537; x_wconf 84' lang='lat' dir='ltr'>quod</span> <span class='ocrx_word' id='word_1_291' title='bbox 879 3474 901 3524; x_wconf 88' lang='lat' dir='ltr'>si</span> <span class='ocrx_word' id='word_1_292' title='bbox 910 3479 995 3538; x_wconf 78' lang='lat' dir='ltr'>eontra</span> <span class='ocrx_word' id='word_1_293' title='bbox 1007 3474 1200 3540; x_wconf 75' lang='lat' dir='ltr'>presumpserit,</span> 
     </span>
     <span class='ocr_line' id='line_1_38' title="bbox 216 3543 1201 3614; baseline 0.006 -22"><span class='ocrx_word' id='word_1_294' title='bbox 216 3555 229 3592; x_wconf 82' lang='lat' dir='ltr'>r</span> <span class='ocrx_word' id='word_1_295' title='bbox 246 3544 341 3594; x_wconf 82' lang='lat' dir='ltr'>etiamsi</span> <span class='ocrx_word' id='word_1_296' title='bbox 350 3545 418 3608; x_wconf 75' lang='lat' dir='ltr'>iuste</span> <span class='ocrx_word' id='word_1_297' title='bbox 434 3543 508 3595; x_wconf 85' lang='lat' dir='ltr'>luerit</span> <span class='ocrx_word' id='word_1_298' title='bbox 524 3545 788 3597; x_wconf 80' lang='lat' dir='ltr'>excommnuicationis</span> <span class='ocrx_word' id='word_1_299' title='bbox 800 3547 933 3612; x_wconf 80' lang='lat' dir='ltr'>sententis,</span> <span class='ocrx_word' id='word_1_300' title='bbox 943 3545 1081 3614; x_wconf 67' lang='lat' dir='ltr'>inpressum</span> <span class='ocrx_word' id='word_1_301' title='bbox 1091 3548 1201 3601; x_wconf 67' lang='lat' dir='ltr'>oculuit</span> 
     </span>
     <span class='ocr_line' id='line_1_39' title="bbox 219 3616 984 3684; baseline 0.009 -21"><span class='ocrx_word' id='word_1_302' title='bbox 219 3627 233 3664; x_wconf 76' lang='lat' dir='ltr'>r</span> <span class='ocrx_word' id='word_1_303' title='bbox 250 3628 412 3676; x_wconf 82' lang='lat' dir='ltr'>parmensem</span> <span class='ocrx_word' id='word_1_304' title='bbox 427 3629 504 3666; x_wconf 91' lang='lat' dir='ltr'>unum</span> <span class='ocrx_word' id='word_1_305' title='bbox 517 3616 564 3666; x_wconf 82' lang='lat' dir='ltr'>sibi</span> <span class='ocrx_word' id='word_1_306' title='bbox 580 3619 677 3668; x_wconf 83' lang='lat' dir='ltr'>noverit</span> <span class='ocrx_word' id='word_1_307' title='bbox 688 3617 854 3669; x_wconf 80' lang='lat' dir='ltr'>interdictum.</span> <span class='ocrx_word' id='word_1_308' title='bbox 869 3633 883 3668; x_wconf 79' lang='lat' dir='ltr'>r</span> <span class='ocrx_word' id='word_1_309' title='bbox 980 3677 984 3684; x_wconf 50' lang='grc'>,</span> 
     </span>
    </p>
   </div>
   <div class='ocr_carea' id='block_1_8' title="bbox 0 0 1284 3988">
    <p class='ocr_par' dir='ltr' id='par_1_10' title="bbox 0 0 1284 3988">
     <span class='ocr_line' id='line_1_40' title="bbox 0 0 1284 3988; baseline 0 0"><span class='ocrx_word' id='word_1_310' title='bbox 0 0 1284 3988; x_wconf 95' lang='lat' dir='ltr'> </span> 
     </span>
    </p>
   </div>
  </div>
 </body>
</html>
