2548 3988
436 224 476 236 ··-
503 226 574 246 τίν-

445 231 530 332 amna
548 285 684 334 marios.
983 273 1041 334 stt

86 381 254 446 »Declan
280 383 411 466 Gregor.
445 385 528 458 lllll,
557 386 661 448 relato
684 385 740 448 lib.
771 385 802 460 6,
819 387 923 448 593.»
949 387 997 450 lta
1010 388 1041 448 S.

85 472 234 552 Liguor.,
246 472 301 534 lib.
312 473 343 546 7,
358 487 393 534 n⁰
407 475 457 546 93,
480 475 513 534 ia
533 473 605 556 fine.
623 475 699 536 Vide
713 473 798 537 dicta
813 493 914 554 supra
926 476 1041 558 (totu).
1080 463 1098 473 ”

129 559 221 624 6453.
236 563 352 642 Nequit
372 564 548 644 Episcopus
569 564 718 642 delegare
742 565 926 626 facultatem
939 568 1042 628 absol·

85 652 186 714 vendi
197 657 216 714 a
228 652 358 715 casibus
370 653 514 726 occultis,
524 657 615 714 extra
629 653 770 714 tribuual
791 653 1041 720 Paenitentia&

87 739 298 820 Liguor.,lib.
307 743 337 816 6,
346 743 459 803 nosen.
475 741 554 803 Vide
567 749 674 804 temen
687 742 772 804 infre
781 741 919 805 dicenda
929 745 1042 827 (otte).

129 831 218 890 etot.
242 829 370 903 Quaerit.
387 831 419 890 2⁰
440 832 489 892 lla
518 829 667 910 Episcopi
704 837 735 894 et
764 831 863 893 etiam
882 833 1044 910 simplices

87 919 282 984 confessarii
291 918 415 998 possint
428 917 594 982 absolvere
610 919 782 982 aceneuris
792 919 866 983 tata
881 924 1044 985 sententiae

88 1013 130 1072 R.
153 1009 296 1072 Pontifici
317 1009 491 1072 reservatis
518 1026 573 1070 eos
597 1009 655 1088 qui
682 1010 815 1072 Romam
831 1011 1046 1090 personaliter

86 1101 180 1163 adire
194 1099 387 1178 nequeunt?

130 1189 224 1268 Resp.
237 1188 451 1268 Quaecumque
477 1187 598 1250 luerint
612 1187 691 1250 olim
704 1189 931 1252 controversiae
961 1189 1046 1254 circa

88 1277 328 1342 absolutionem
342 1277 518 1340 occasuris
534 1278 735 1340 contentisin
746 1277 838 1339 Bulla
848 1275 957 1358 Coenae,
964 1281 1046 1359 jam·

88 1369 146 1430 diu
160 1367 340 1430 invaluerat
354 1367 529 1429 communis
553 1373 585 1430 et
612 1373 700 1429 certa
715 1367 748 1428 in
763 1367 858 1446 praxi
885 1369 993 1448 opinio
1015 1369 1046 1432 vi

89 1455 1046 1537 cujusEpiscopipersevelperdelegatos,imo,deficieute

88 1564 225 1612 recursu
240 1546 281 1608 ad
295 1545 473 1627 episcopos,
489 1545 652 1625 simplices
667 1545 855 1608 confessarii
880 1547 1047 1611 absolvere

90 1639 241 1720 poterant
263 1653 283 1697 a
308 1635 449 1698 censuris
464 1634 561 1697 etiam
584 1635 754 1698 reservatis
767 1652 821 1697 eos
836 1637 892 1715 qui
914 1638 1047 1699 Romam

90 1721 305 1809 personaliter
319 1731 430 1806 petere
445 1722 632 1804 nequibant,
645 1723 739 1802 juxta
756 1725 894 1787 exioms:
910 1727 1046 1800 «Quoad

91 1813 373 1896 impeditos‚casus
383 1813 514 1894 papales
527 1813 607 1874 fiunt
617 1813 816 1893 episcopales
833 1836 860 1874 ».
878 1815 976 1877 Porro
986 1816 1048 1877 im-

93 1905 310 1987 pedimentum
321 1921 391 1965 esse
403 1901 590 1982 poteretvel
599 1901 894 1984 perpetuum,idest
909 1905 1048 1980 practice

93 1995 181 2057 ultra
192 1991 444 2074 quinquennium
459 1991 530 2066 3vel
544 1989 739 2067 diuturnum,
751 1991 784 2052 id
801 1996 848 2052 est
858 2009 877 2050 a
889 2009 944 2052 sex
958 2011 1048 2055 meu·

92 2085 181 2148 sibus
196 2083 237 2145 ad
253 2080 529 2162 quinquennium
553 2081 603 2143 vel
613 2081 742 2142 demum
758 2087 999 2162 temporaneum,
1016 2081 1048 2142 id

94 2180 142 2238 est
157 2174 243 2234 intra
263 2189 319 2234 sex
347 2188 488 2234 menses.
508 2171 656 2233 Jamvero
678 2169 858 2232 communis
881 2176 952 2233 erat
978 2189 1049 2233 seu·

91 2263 196 2326 tentio
211 2279 218 2324 :
236 2260 268 2322 1⁰
283 2260 316 2322 lu
332 2278 410 2322 casu
424 2260 645 2341 impedimenti
658 2259 815 2341 perpetui,
832 2259 902 2322 deri
924 2259 1049 2339 plenam

94 2350 333 2416 absolutionem
352 2367 571 2424 censurarum,
597 2349 722 2430 absque
743 2367 841 2412 onere
858 2367 892 2412 se
916 2349 1049 2412 sistendi

94 2459 204 2506 coram
222 2438 400 2519 superlore,
412 2443 559 2500 cessante
574 2437 813 2514 impedimento,
829 2438 891 2499 nisi
907 2456 1049 2500 censura

94 2534 202 2595 essent
222 2527 402 2612 specialiter
413 2533 595 2592 reservatae.
612 2527 677 2588 'loll
700 2533 807 2590 autem
822 2525 1050 2604 impedimento

94 2617 337 2691 detinebantur,
352 2616 446 2696 juxta
460 2615 491 2679 S.
509 2615 639 2696 Lignor.
654 2615 725 2698 (lib.
742 2618 771 2694 7,
788 2635 820 2680 n.
836 2613 900 2690 set,
918 2615 1050 2696 «pueri,

97 2734 112 2768 e
139 2707 337 2788 impuberes,
348 2704 556 2782 filiifamilias,
574 2723 679 2783 senes,
693 2703 790 2778 servi,
816 2721 989 2784 pauperes,
1003 2703 1051 2768 iu·

98 2824 112 2856 ι
137 2797 231 2870 firmi,
247 2795 633 2872 mulieres,regulares‚et
646 2794 797 2857 alortiori
808 2793 975 2872 moniales,
985 2813 1052 2858 car·

98 2914 114 2947 a
138 2887 434 2966 ceribusperpetuo
462 2883 607 2944 damnati
637 2907 665 2946 a.
692 2918 731 2931 -
751 2887 784 2946 20
809 2885 845 2946 ln
873 2901 949 2945 casu
978 2903 1051 2946 vero

96 2974 323 3055 impedimenti
362 2971 516 3045 diuturni,
548 2972 617 3034 dari
650 2973 780 3054 quidem
805 2972 1050 3048 absolutionem,

100 3064 329 3143 imponendum
344 3067 543 3125 tamenonus
556 3079 664 3124 coram
684 3063 847 3140 superiore
863 3079 895 3123 se
906 3062 1051 3136 sistendi,

100 3157 250 3216 cessante
274 3153 513 3233 impedimento.
528 3183 567 3198 ·-
581 3153 615 3212 3ο
638 3153 780 3227 Domum,
796 3151 829 3213 in
858 3169 936 3213 casu
956 3149 1053 3228 impc-

100 3240 238 3306 dimeuti
263 3260 349 3304 mere
378 3241 587 3322 temporanei,
617 3240 851 3302 absolutionem
888 3237 958 3300 dari
989 3257 1052 3298 non

98 3349 210 3415 posse,
236 3329 299 3392 nisi
323 3329 356 3392 in
383 3331 509 3393 casibus
550 3329 697 3408 urgentis
724 3328 922 3392 necessitatis
931 3347 941 3403 ;
970 3327 1054 3388 hanc

100 3419 336 3486 absolutionem
350 3437 418 3484 esse
434 3419 639 3495 indirectam3
669 3436 749 3480 onus
762 3416 951 3479 incumbere
964 3415 1055 3477 abso-

100 3515 170 3575 luto
192 3529 226 3573 se
245 3509 379 3573 sistendi
405 3508 644 3589 quamprimum
673 3525 781 3570 corant
804 3507 981 3586 superiore,
997 3505 1054 3568 sub

99 3620 196 3682 poena
221 3600 437 3663 reincidentiae
463 3599 495 3658 in
510 3596 662 3660 censuris.

140 3689 230 3754 otte.
246 3689 307 3762 Qui
328 3697 435 3750 eutem
462 3684 678 3780 personaliter
703 3685 856 3748 accedero
876 3683 1054 3766 nequibant
