2526 3988
427 319 512 366 narn
532 319 663 366 marrus.
995 306 1033 366 to

80 428 109 472 ex
121 413 239 492 percont
250 413 381 478 defuncti
394 464 402 495 ,
417 421 448 480 et
461 435 515 498 per
528 415 705 482 deiunctum
719 417 884 502 incoeptum
895 420 961 500 jam
973 419 1034 483 lua-

81 499 111 560 111
126 499 265 580 judicium
289 523 298 565 1
320 511 394 569 tunc
417 507 501 570 enim
524 505 620 570 haeres
639 507 866 572 conveniendus
882 517 927 571 est
945 509 976 570 in
997 527 1034 572 eo

79 585 134 651 loco
145 590 194 654 ubi
212 591 371 658 defunctus
393 593 450 658 fuit
462 603 629 660 conventus
642 597 702 678 (lex
719 599 797 662 Just.
818 597 848 662 ls
865 598 919 682 qui
932 599 1036 662 llomoe

80 681 128 756 31,
142 677 171 742 c.
185 680 353 766 deludio).

110 771 190 834 5681.
211 806 250 818 -
269 773 307 838 Π.
331 773 416 839 Circa
435 775 715 858 quoii-domicilium
738 777 969 840 controvertitur
996 796 1035 840 an

77 865 172 940 prator
189 879 292 926 casum
315 868 487 929 contractus
512 867 544 928 in
567 885 604 930 eo
624 866 711 944 initi,
732 865 899 929 reidelicti
923 865 1035 928 ibidem

76 949 229 1030 commissi,
250 969 321 1016 reus
342 954 435 1035 possit
454 955 609 1018 conveniri
632 956 664 1018 in
685 956 753 1018 loco
776 954 1033 1037 quasi-domicilii.

77 1037 139 1101 tlide
151 1041 277 1104 rationes
291 1060 349 1126 pro
364 1049 394 1105 et
406 1050 532 1125 contra,
547 1043 629 1129 apud
648 1046 686 1109 D.
702 1043 800 1108 Bouix
818 1043 875 1124 (De
886 1041 1032 1116 iudiciis,

76 1131 329 1212 1116666276).

108 1221 190 1282 6685.
205 1221 304 1285 -111,
327 1221 433 1296 Quoad
453 1229 556 1289 autem
578 1223 762 1288 domicilium
774 1223 938 1307 fictitium,
963 1223 1036 1287 varii

76 1325 150 1370 casus
170 1317 238 1374 sunt
261 1312 435 1393 exponendi
456 1333 463 1376 :
486 1315 516 1376 1ο
529 1333 623 1393 uxor,
638 1321 673 1377 ut
686 1317 750 1395 jam
771 1313 920 1391 diximus,
936 1313 1034 1377 lorum

76 1399 160 1461 mariti
179 1399 302 1463 sortitur
320 1401 505 1486 ubicumque
526 1404 655 1481 habitet,
670 1403 762 1486 idque
784 1405 874 1466 etiam
894 1401 1035 1466 defuncto

76 1487 169 1550 marito
186 1491 295 1554 retinet
313 1491 447 1574 quandiu
467 1494 498 1555 in
518 1493 659 1556 viduitate
683 1491 883 1576 permanserit
904 1511 911 1553 :
935 1492 976 1554 ita
986 1494 1037 1571 jus

78 1595 232 1644 romanum.
251 1581 321 1644 Hoc
342 1586 445 1644 661666
467 1601 528 1645 666
549 1582 677 1664 impedit
691 1583 766 1664 quin
787 1581 912 1658 eadem,
928 1581 953 1643 si
967 1580 1048 1642 olibi,

76 1677 265 1734 commoretur
291 1688 365 1734 cum
392 1673 546 1754 proposito
569 1673 602 1734 16
627 1680 807 1754 perpetuum
835 1670 1036 1748 remanendi,

79 1751 173 1820 ibidem
192 1759 283 1823 etiam
303 1761 440 1841 acquirat
457 1761 644 1824 domicilium
663 1782 670 1822 :
690 1780 752 1845 quo
766 1762 798 1824 in
812 1779 904 1838 casu,
920 1759 1036 1822 assimi-

78 1843 540 1931 166116611ῑοί6616661661161161
553 1850 753 1928 domicilium,
767 1857 797 1913 61
804 1850 921 1912 ratione
929 1848 1038 1912 utrius

77 1954 127 2016 que
138 1937 243 2021 duplici
258 1937 421 2003 Ordinario
435 1939 563 2016 suberit,
579 1940 619 2002 ita
633 1947 666 2003 ut
679 1942 758 2003 inter
772 1939 839 2002 illos
852 1944 954 2020 posset
972 1957 1037 2000 esso

78 2022 365 2110 locuspraeventioni.

113 2118 189 2180 6686.
209 2155 253 2166 -
272 2121 307 2182 2⁰
327 2117 388 2180 Etsi
410 2118 566 2201 religiosus
584 2137 647 2182 non
669 2118 764 2201 possit
782 2115 895 2178 babere
914 2115 1039 2178 domici-

77 2201 139 2268 lium
158 2209 281 2291 proprie
304 2207 436 2286 dictum,
458 2211 529 2270 61116
551 2227 614 2272 666
633 2209 671 2271 sit
688 2207 735 2271 sui
751 2207 848 2287 juria,
870 2224 926 2268 nec
944 2207 1039 2287 penes

75 2291 156 2374 ipsius
172 2297 332 2361 arbitrium
352 2297 391 2359 sit
415 2297 483 2378 plus
497 2299 635 2362 minusve
657 2297 767 2360 alicubi
788 2295 939 2373 habitare,
959 2301 1037 2358 atta-

75 2401 152 2464 men,
175 2386 300 2451 666666
317 2385 409 2466 juris,
432 2387 525 2468 ipsius
544 2388 734 2451 domicilium
756 2395 801 2450 est
821 2385 1038 2448 monasterinm

75 2475 114 2535 cui
128 2475 296 2559 adscriptus
309 2481 370 2548 est,
390 2482 421 2537 et
433 2477 538 2540 tandiu
552 2479 584 2540 in
598 2496 635 2540 eo
655 2480 825 2559 perseverat
837 2474 973 2556 quandiu
990 2493 1039 2536 vo-

74 2561 176 2628 luntate
190 2565 390 2649 Superiorum
401 2563 530 2629 adalind
545 2565 762 2628 monasterium
775 2581 837 2626 non
850 2561 1036 2625 transfertur.

74 2653 108 2715 116
122 2655 324 2718 communiter
337 2672 386 2736 op.
407 2654 500 2717 Bouix
517 2655 615 2734 (ibid,
634 2674 664 2737 p.
681 2655 762 2730 278).

106 2747 193 2810 5681.
215 2745 404 2808 -301tem
431 2743 560 2807 militum
588 2743 802 2822 domicilium,
830 2743 916 2822 juxte
940 2742 1039 2826 legem

74 2832 265 2898 lastinianum
279 2832 440 2915 (Municeps
462 2838 517 2913 83,
533 2833 564 2897 11.
588 2833 630 2896 od
649 2832 840 2915 Mocicip.)b
861 2831 930 2916 jure
947 2852 1039 2896 cano-

74 2921 134 2985 nico
150 2930 316 3006 receptum,
331 2929 375 2986 cst
388 2921 474 2986 locus
491 2923 522 2986 in
536 2942 598 3008 quo
618 2929 753 3001 merent,
768 2921 871 3005 ibique
885 2923 1040 2987 conveniri

75 3019 200 3092 possunt.

107 3106 139 3164 4⁰
157 3101 244 3168 ldem
256 3107 303 3166 cst
319 3102 484 3168 dicendum
500 3101 539 3166 de
552 3101 635 3184 vagis
648 3101 701 3184 qui
722 3100 910 3166 domicilium
929 3101 1041 3165 habero

75 3199 229 3258 censentur
249 3191 301 3256 ubi
314 3192 522 3269 inveniuntur,
537 3192 640 3274 ibique
656 3191 755 3254 torum
768 3194 933 3255 sortiuntur
951 3191 1041 3256 etiam

75 3281 181 3346 ratione
194 3288 406 3346 contractuum
415 3281 635 3345 alibiinitorum
645 3279 778 3363 etpuniri
789 3285 913 3364 possunt
920 3285 1041 3360 propter

76 3369 174 3436 delicta
186 3371 436 3438 olibicommissa.
453 3375 494 3436 lta
504 3371 706 3436 communiter
719 3371 837 3451 (Bouix,
849 3369 904 3444 tc,
915 3387 946 3450 p.
959 3371 1039 3448 278).

110 3465 197 3527 6688.
221 3497 261 3508 -
280 3464 312 3526 5⁹
332 3462 476 3527 Beneficii
492 3461 577 3525 locus
587 3459 691 3523 haberi
704 3459 794 3522 debet
809 3464 842 3521 ut
855 3457 1041 3522 domicilium

78 3549 250 3616 clericorum
262 3549 522 3630 beneficiatorum,
537 3550 591 3614 etsi
605 3549 676 3612 alibi
689 3553 917 3612 commorentur
930 3551 991 3611 sive
1005 3567 1043 3612 ex

80 3639 313 3722 disponsatione,
333 3643 396 3707 sive
409 3644 481 3726 quia
495 3637 678 3704 beneficium
692 3636 885 3700 residentiam
904 3656 965 3699 non
980 3637 1042 3698 exi-

82 3728 132 3806 git:
146 3730 200 3793 sed
213 3749 284 3794 cum
297 3730 354 3794 btc
367 3731 570 3796 distinctione.
586 3725 668 3794 dudd
679 3725 704 3787 si
719 3725 900 3787 beneficium
914 3721 1046 3785 residen-
