2466 4258
285 173 369 220 araca
387 172 520 220 runrrus.
547 190 587 201 -
608 172 800 219 narrantum.
974 157 1031 217 733

13 311 153 368 sonae,
171 310 241 372 quae
263 289 444 354 violentiam
474 308 564 374 pessa
580 290 712 369 dicitur;
730 289 853 355 facilius
867 293 952 356 euim
968 295 1033 356 ani-

21 401 125 444 mus
157 380 272 464 puellae
298 387 525 452 commovetur,
554 399 650 462 quam
679 381 754 458 riri;
778 381 894 446 deiude
920 383 1031 458 aetatis,

19 471 270 537 educationis.
300 469 433 550 indolis,
465 477 570 533 utrum
603 489 719 553 nempe
748 471 832 534 mitis
858 490 894 535 ac
923 473 1031 535 timida

22 561 162 646 luerit,
186 577 226 621 an
253 555 343 622 fortis
373 569 404 622 et
428 569 594 637 constans3
622 577 685 643 qua
712 561 887 626 rationein
914 561 1031 625 lamilia

25 653 160 714 vivere
187 649 403 722 consueverit,
430 657 536 711 utrum
561 647 621 713 sub
649 650 792 714 custodia
817 659 849 712 et
868 651 1032 730 vigilantia

25 747 237 824 parentum,
256 737 298 800 ita
315 745 348 802 ut
364 737 404 800 ab
425 757 535 802 eorum
555 741 688 821 imperio
716 757 839 822 semper
862 749 892 801 et
907 741 941 802 in
966 759 1033 804 om-

29 832 152 893 nibus
178 827 347 911 penderet,
372 845 411 890 an
441 827 546 909 aliqua
571 827 715 892 libertate
739 832 904 904 l'rueretur,
945 837 1033 892 utet

32 919 185 1002 propria
206 933 297 980 sensa
311 935 480 998 exponere,
502 925 533 978 et
556 917 645 998 juxta
662 917 820 999 propriam
836 917 1031 981 voluntatem

35 1008 181 1090 operari
207 1007 363 1089 potuerlt3
390 1024 429 1066 an
455 1015 601 1088 parentes
620 1005 662 1068 ita
684 1023 753 1068 eam
777 1007 981 1086 segregatim,
999 1018 1032 1072 ut

36 1096 163 1162 omnis
175 1095 298 1158 consilii
313 1095 478 1176 expetendi
499 1092 630 1158 facultas
643 1096 745 1158 eidem
764 1095 911 1178 adempta
926 1095 1030 1172 luerit,

38 1185 281 1266 neccuiquam
304 1184 447 1263 ejusdem
474 1183 672 1266 alloquendae
699 1185 821 1265 copiam
852 1185 1031 1264 tribuerint,

39 1277 115 1340 nisi
130 1291 212 1358 quos
226 1272 265 1336 de
282 1273 482 1338 matrimonio
495 1273 637 1336 ineundo
647 1273 779 1338 consilia
791 1274 932 1356 prebere
942 1293 1033 1357 posse

37 1365 281 1449 judicaverint.

92 1455 147 1518 37.
166 1459 278 1516 Praeter
293 1452 353 1515 ista
367 1451 594 1532 inquirendum
607 1452 678 1527 erit,
692 1459 797 1516 utrum
819 1453 874 1536 qui
891 1454 931 1518 de
946 1454 1033 1518 illata

44 1547 83 1609 vi
97 1543 316 1624 conqueritur,
327 1541 499 1622 aliquando
518 1541 704 1604 relationem
727 1541 876 1606 habuerit
894 1563 967 1607 cum
982 1563 1032 1620 eo,

49 1653 132 1698 cum
149 1649 213 1712 quo
227 1641 334 1713 postea
360 1630 531 1704 contraxit,
552 1637 583 1692 et
607 1639 714 1692 utrum
731 1632 903 1714 aliquando
918 1651 1034 1716 propo-

49 1726 153 1786 situm
175 1721 321 1783 habuerit
336 1737 408 1782 cum
423 1717 534 1782 eodem
556 1718 776 1782 contrahendi.
793 1721 828 1783 lu
853 1739 927 1785 casu
952 1722 1033 1785 altir-

49 1813 176 1876 matlro
188 1809 426 1892 inquirendum,
443 1825 522 1889 quas
535 1805 577 1871 ob
590 1825 700 1871 causas
714 1808 886 1872 voluntatis
902 1816 1034 1876 mutatio

49 1901 238 1982 contigerit3
259 1915 354 1980 aquo
379 1906 521 1979 tempore
548 1898 717 1962 consilium
746 1897 839 1960 luerit
864 1907 1031 1979 mutatum,

51 2004 164 2058 utrum
180 2007 292 2072 nempe
307 1997 476 2068 antequam
497 1995 642 2068 parentes
659 1988 822 2069 propriam
840 1988 1033 2052 voluntatem

53 2081 456 2160 ostende1·eut,anpostea;
472 2085 503 2139 et
515 2085 621 2139 utrum
633 2095 668 2138 ex
679 2077 868 2159 precedenti
882 2077 1033 2141 relatione

55 2173 165 2250 aliqua
176 2177 282 2231 exorta
298 2167 338 2230 sit
352 2166 609 2248 suspiciocontra
625 2165 770 2231 decorem
787 2167 833 2230 vel
851 2167 953 2249 ipsius
965 2188 1034 2252 par-

55 2279 144 2326 sonat
160 2259 209 2322 vel
224 2258 361 2329 lamiliae,
378 2275 396 2319 a
410 2273 473 2338 qua
497 2265 640 2335 parentes
668 2257 785 2320 moveri
815 2257 977 2339 potuerint
992 2259 1032 2320 ad

58 2349 297 2416 matrimonium
325 2346 528 2425 exigendum,
555 2353 710 2427 tanquam
740 2345 916 2408 remedium
942 2347 1032 2410 bonae

58 2443 150 2506 lamee
175 2435 416 2518 recuperande.
436 2433 537 2496 Etiam
560 2433 835 2516 investigandum,
863 2435 941 2518 quid
965 2437 1034 2500 lraec

58 2547 191 2616 persona
206 2525 326 2598 lecerit,
344 2533 404 2586 uta
423 2523 585 2587 coactione
600 2533 766 2605 parentum
778 2541 845 2588 sese
860 2523 1007 2588 liberaret
1023 2541 1032 2587 ε

59 2631 165 2688 utrum
184 2634 293 2700 preces
316 2611 516 2691 adhibuerit;
532 2621 639 2676 utrum
661 2630 717 2676 usa
737 2613 830 2677 luerit
844 2631 940 2696 opera
955 2614 1033 2679 alio·

60 2727 129 2774 rura
154 2707 191 2771 ad
221 2711 402 2788 parentesa
432 2703 594 2785 proposito
617 2702 843 2778 dimovendos;
870 2713 976 2766 utrum
1003 2715 1034 2770 et

64 2795 220 2882 quomodo
245 2793 407 2877 propriam
440 2794 636 2856 aversionem
662 2802 693 2856 et
718 2793 973 2857 contrarietatem
999 2796 1032 2859 in

60 2885 134 2952 illud
150 2883 388 2948 matrimonium
410 2881 656 2962 significaverit;
688 2890 795 2946 utrum
822 2891 853 2944 et
872 2885 1033 2964 quomodo

62 2978 153 3039 altera
176 2991 250 3056 pars
276 2989 406 3055 operam
433 2969 563 3044 dederit,
582 2973 630 3048 xu't
657 2971 894 3034 matrimonium
924 2991 1033 3038 revera

64 3063 306 3128 concluderetur.
337 3059 610 3125 Considerandum
645 3061 725 3140 erit,
762 3069 869 3124 utrum
905 3063 1034 3143 quando

65 3159 235 3216 contractus
262 3151 505 3214 matrimonialis
533 3159 600 3214 erat
628 3150 815 3232 signandus,
844 3151 978 3215 libenter
1003 3163 1033 3217 et

67 3245 128 3306 sine
150 3239 213 3303 ulla
237 3241 458 3318 protestatione
488 3241 520 3304 id
555 3240 754 3320 praestiterim
789 3252 897 3304 utrum
927 3241 1032 3325 alique

67 3332 144 3396 lraus
170 3328 311 3393 adhibita
334 3327 374 3390 ad
407 3333 498 3392 talem
531 3332 784 3410 obsignationem
803 3329 1031 3409 obtinendam

67 3421 217 3504 quomodo
233 3436 300 3484 sese
314 3419 454 3497 gesserit,
471 3419 535 3482 sire
547 3420 676 3502 quando
698 3421 873 3483 necessaria
894 3439 952 3501 pro
968 3441 1028 3485 rna-

69 3511 207 3576 trimonio
228 3507 433 3593 parabantur,
450 3508 515 3572 sive
537 3509 667 3591 quando
689 3509 728 3572 ad
753 3527 943 3574 consensum
960 3529 1031 3593 pro·
