2526 3988
460 270 544 318 ment
557 272 689 320 TERTIUS.
1009 267 1047 323 47

81 369 172 446 rente,
193 370 236 434 tit.
252 375 304 449 99,
321 374 440 436 Decret.
462 372 545 436 Idem
565 372 751 455 probabilius
768 380 814 438 est
830 375 994 440 dicendum
1011 379 1050 442 de

79 453 209 540 delegato
222 462 240 523 t
251 419 357 542 judice
366 463 509 529 interiori.

114 548 213 612 Potest
235 557 342 614 temen
364 552 518 634 delegatus
540 555 557 616 tt
578 554 660 636 Pepe
674 555 818 617 mandere
841 556 997 621 Ordinerio
1016 565 1050 622 ut

78 639 253 702 sententiam
267 659 358 704 suem
372 649 560 724 exequatur:
577 662 638 725 quo
656 663 728 707 casu
748 646 951 708 communiter
964 647 1049 710 aiunt

77 727 136 788 00.
156 728 353 794 Ordinerium
374 733 471 794 teneri
486 751 590 815 perere
609 739 639 795 et
658 752 746 815 posse
764 734 802 796 od
822 734 852 796 id
873 737 1011 818 compelli
1031 740 1048 799 9

76 814 228 898 delegato,
245 819 363 903 quippe
377 822 429 903 qui
448 822 510 904 ipso
525 821 731 884 Ordt'noriom
745 823 896 886 torcamo
909 825 1000 906 major
1022 834 1049 887 tt

76 905 205 987 operior
217 917 263 970 est
273 909 614 993 ‚inquitPirrhingop
631 913 668 972 0.
682 913 860 991 Bouix(id.,
875 933 906 994 p.
923 915 1007 994 159).

112 997 174 1060 Imd
187 997 391 1081 delegatusS.
404 1000 489 1063 Sedis
503 1007 604 1082 posset
617 1001 706 1064 etiam
721 1002 857 1063 censuris
870 1004 1049 1086 compedem

75 1084 202 1162 judicem
213 1089 338 1151 civitem
356 1089 433 1152 ed'
408 1109 435 1152 et
450 1090 653 1172 praestendum
667 1090 813 1153 auxilium
827 1091 939 1154 brachii
954 1111 1048 1156 9999-

78 1173 160 1256 toris,
176 1178 232 1240 etsi
253 1178 294 1241 ed
309 1179 367 1242 hoc
390 1198 451 1241 non
466 1181 504 1241 sit
518 1181 651 1242 munitus
666 1180 785 1262 speciali
800 1180 944 1246 clousuttt.
962 1183 1048 1244 Colli·

77 1263 150 1342 gitur
163 1286 201 1328 ex
214 1286 287 1331 cen.
302 1268 567 1332 Admim'strctores
580 1273 630 1347 96,
646 1289 736 1332 cause
751 1271 800 1346 93,
817 1291 848 1352 q.
864 1275 882 1334 5
898 1271 978 1352 (iu).

113 1357 201 1418 5988.
217 1359 343 1430 Quaerit.
361 1363 411 1422 t0⁰
425 1358 582 1432 Quomodo
595 1366 691 1421 cesset
704 1358 872 1439 jurisdictio
885 1360 1018 1442 delegate
1032 1361 1048 1423 ’9

114 1445 201 1528 Hesp.
220 1452 253 1510 1⁰
268 1449 371 1510 Cesset
388 1467 443 1530 per
464 1456 591 1510 mortem
605 1448 732 1530 delegati
749 1454 780 1509 99
796 1448 889 1530 ipsius
907 1449 1046 1512 mutatio·

80 1548 161 1610 nem;
175 1535 307 1600 sedvide
317 1535 471 1619 quomodo
486 1536 516 1598 id
531 1536 591 1614 1999,
607 1555 697 1619 supra
711 1538 790 1615 (993,
806 1541 887 1615 etc).

114 1625 144 1682 2⁰
155 1625 211 1686 Per
226 1635 359 1689 mortem
379 1627 560 1708 delegantis,
577 1626 601 1688 si
622 1643 669 1689 res
687 1627 726 1688 sit
743 1624 841 1689 adhuc
859 1627 994 1709 integre:
1009 1629 1047 1694 de

81 1714 212 1790 quotide
226 1716 309 1779 dicte
324 1736 415 1800 supra
427 1720 491 1798 (tt,
507 1720 567 1796 99).

116 1805 200 1866 5589.
216 1809 301 1870 -39
323 1807 380 1868 Per
398 1807 525 1888 delegati
546 1805 767 1870 revocationem
786 1807 803 1868 t
826 1806 982 1889 delegante
1000 1808 1045 1872 991

82 1889 140 1968 ejus
160 1895 322 1978 Superiore
346 1895 478 1959 tectam:
495 1903 539 1958 est
561 1902 661 1958 eutem
681 1895 843 1958 discrimen
865 1896 942 1958 inter
961 1917 1044 1960 revo-

85 1980 218 2047 cationem
247 1989 267 2050 9
292 1987 392 2068 primo
415 1987 572 2088 detegente
594 1983 702 2046 iactam
725 1991 754 2046 et
780 1986 1002 2047 revocationem
1029 1989 1046 2048 9

87 2067 289 2168 subdelegente
311 2084 482 2158 percotem;
499 2077 615 2176 primos
638 2090 776 2135 revocare
795 2079 893 2154 potest
909 2074 1047 2152 jurisdic-

84 2155 201 2224 tionem
195 2185 225 2226 m
239 2171 356 2244 totum,
370 2166 461 2230 etiarn
480 2164 591 2227 cause
581 2180 644 2243 pem
658 2161 796 2243 incepit,
811 2180 872 2224 non
884 2163 924 2224 tte
938 2181 1045 2225 secun-

82 2243 142 2310 dus
157 2252 257 2316 Nam'
249 2273 276 2316 rs
289 2254 334 2317 991
347 2254 569 2356 subdelegevit·
564 2272 595 2314 rn
613 2257 768 2326 tetemet
787 2258 860 2314 tunc
873 2269 935 2314 non
950 2258 1046 2334 potest

81 2335 312 2413 jurisdictionem
334 2363 490 2419 revocare,
515 2343 586 2424 quie
606 2359 660 2424 per
682 2340 804 2404 totalem
825 2340 1043 2422 subdelegetio·

82 2443 145 2490 nem
162 2449 226 2496 sese
241 2434 378 2516 spotievit
391 2432 475 2496 omni
489 2431 679 2506 auotoritate3
695 2431 740 2492 991
755 2429 958 2511 subdeicgevit
974 2451 1045 2512 par-

83 2519 136 2578 tem
154 2525 272 2585 tantum
292 2521 508 2603 iurisdictionis
530 2521 585 2582 sibi
605 2519 795 2597 commisse,
811 2523 842 2580 et
860 2525 935 2581 tunc
955 2525 1045 2582 cause

82 2603 163 2670 etiam
180 2611 320 2694 incepit,
335 2613 414 2675 hanc
429 2617 545 2694 partem
565 2613 663 2691 potest
682 2625 832 2670 revocare.
850 2607 925 2669 Vide
949 2603 1044 2671 Bouix

97 2712 104 2752 t
138 2705 234 2773 ,tom
250 2705 279 2778 9,
318 2707 419 2766 ..109

84 2691 132 2771 (
117 2789 201 2853 5990.
218 2707 419 2856 -fftiessdt
441 2790 564 2876 quando
583 2787 736 2869 delegatus
758 2786 936 2850 sententiam
956 2788 1043 2867 tulit,

83 2887 202 2959 eamque
235 2883 403 2946 executioni
436 2881 607 2957 mandevit,
640 2877 684 2940 991
713 2877 849 2939 mandari
878 2879 1042 2960 praecepit:

87 2981 100 3018 t
117 2963 230 3052 linquo
240 2971 332 3052 judex
345 2971 498 3054 delegatus
510 2990 569 3054 per
581 2987 621 3046 se,
635 2965 681 3029 991
692 2985 745 3048 per
759 2967 851 3030 etium
866 2969 1044 3030 sententiam

83 3069 97 3107 t
118 3057 282 3122 executioni
302 3060 471 3139 mandevit,
487 3063 533 3124 991
552 3056 688 3122 mandari
712 3056 869 3139 praecepit,
888 3057 953 3136 ejus
973 3075 1043 3118 auc·

85 3157 98 3196 9
118 3147 216 3210 toritas
238 3155 269 3211 et
287 3150 453 3230 jurisdictio
473 3157 588 3228 cesset,
603 3153 675 3232 quie
697 3146 789 3212 semet
810 3150 856 3208 est
877 3145 975 3207 otticio
990 3149 1044 3208 suo

75 3239 233 3313 rtutrctus¹
253 3268 265 3302 ι
283 3243 358 3325 Cap.
372 3239 646 3318 detineremur.
660 3243 711 3320 99,
726 3241 781 3304 tib.
799 3239 812 3302 1
828 3241 953 3304 liceret.
967 3237 1047 3299 -Et

76 3325 127 3392 troc
141 3334 277 3414 procedit
291 3333 347 3395 etsi
361 3331 699 3408 nutlitcriudiceverit.

108 3418 295 3497 ttcmrossat‚
308 3422 400 3484 tinito
412 3438 617 3504 quocumque
628 3419 868 3500 modonegotio
884 3437 913 3480 v.
945 3438 973 3498 g
993 3435 1048 3498 per

77 3511 320 3586 transactionem,
338 3509 611 3593 compositionem,
627 3518 687 3572 etc.
705 3509 827 3586 (Bonis,
848 3506 890 3568 90.
898 3527 948 3588 ,ρ,
967 3506 1047 3584 103.)

108 3601 190 3665 teet.
208 3603 288 3664 -50
294 3597 962 3698 Cessetquendodelegotusinterloquendo
978 3613 1047 3676 pro-

79 3687 321 3754 nuntirtnulirm
337 3683 397 3752 ttbi
428 3695 607 3766 competere
630 3680 914 3766 jurisdictionem
906 3699 938 3744 m
955 3682 1047 3743 coust
