2466 4258
195 171 252 230 768
471 183 663 230 exauratam
684 183 881 242 rnpuuronurs

193 286 281 346 suerit,
298 283 409 347 exceptis
435 295 532 344 semper
552 281 736 345 impedimentis
757 296 787 330 ex
806 282 899 332 ordine
915 295 995 341 sacro,
1011 287 1036 330 et
1049 296 1078 330 ex
1092 286 1136 330 ets

193 355 305 408 solemni·
323 354 445 404 eastitatis
469 352 682 418 provenientibus.
710 354 803 415 praevii
826 356 992 404 renovatione
1014 357 1138 404 murensis

193 443 274 480 coram
289 425 478 488 ordinariusen
497 426 697 476 contrahentium
718 427 826 487 parocho
849 439 881 475 ee
899 427 1001 476 dnobus
1023 428 1062 476 rel
1075 431 1140 475 mnus

192 503 310 552 testibus·

223 571 248 620 2·
261 569 422 634 llispeursndl
433 570 459 620 in
475 567 639 620 matrimoniis
652 568 827 619 contrahendis
841 583 922 633 snper
946 568 1023 620 tertio
1037 573 1062 620 et
1072 576 1144 632 quarm

192 643 356 706 simplicium
364 642 441 691 mixto
453 640 676 704 consanguinitatis
689 641 729 690 rel
744 639 877 690 affinitatis
886 643 982 705 pradum
994 643 1066 690 modo
1074 657 1146 690 menu-

193 717 251 766 dum
263 713 398 764 nullimode
413 713 527 776 attingat.

222 785 424 846 anteponendi
444 797 519 846 snper
532 781 711 848 impedimento
736 783 840 846 publiea
855 783 1006 834 boamtatir
1030 785 1102 848 inuis
1124 800 1148 834 u

191 857 347 921 sponsalibus
359 853 537 920 provenientis.

222 929 248 979 t·
261 928 420 991 bispensanrli
435 941 511 990 super
524 925 705 989 impedimento
716 923 875 992 cognationis
891 925 1050 990 spiritualis,
1062 937 1150 990 prete:-

192 1016 266 1064 quam
281 1004 345 1051 inter
360 1001 481 1050 levantem
503 1001 528 1049 st
550 1001 656 1047 leuatam
681 1011 726 1046 sou
743 997 797 1048 rice
825 1011 900 1047 uersa
917 999 991 1048 inter
1012 999 1119 1049 levatam
1131 1005 1150 1048 et

192 1074 322 1125 levantem.

222 1145 250 1193 5⁰
265 1141 426 1207 Diapontandi
437 1156 511 1206 super
524 1139 702 1205 impedimento
711 1138 825 1192 criminis
839 1155 872 1190 ex
887 1141 1023 1192 adulterio
1037 1145 1065 1192 et
1075 1156 1104 1193 er
1114 1143 1150 1191 ite

193 1216 249 1266 datd
263 1215 438 1278 provenientis,
454 1218 543 1264 neutro
565 1217 648 1264 tamen
670 1212 697 1262 in
712 1212 831 1276 conjugis
848 1215 961 1263 mortem
986 1227 1050 1263 cum
1076 1215 1152 1264 enan

193 1290 355 1338 macluinante.

222 1359 249 1408 d·
261 1359 424 1422 Dispensandi
434 1372 479 1407 seu
491 1355 666 1408 conralidsndi
682 1351 776 1405 litteras
787 1355 991 1418 dispensationis
1007 1371 1090 1422 nuper
1104 1373 1153 1419 nue-

191 1431 227 1481 rit
241 1431 360 1481 canonico
374 1429 551 1492 impedimento
568 1429 599 1477 ab
608 1427 754 1491 Apostolicb
770 1427 833 1475 Sede
846 1428 995 1488 expeditas,
1014 1443 1077 1492 qne)
1089 1435 1153 1479 nulle

192 1503 283 1552 luerint
297 1504 329 1551 ob
344 1515 449 1550 errorem
473 1499 581 1549 nominis
595 1499 636 1550 sel
657 1499 815 1562 cognominis
831 1500 1061 1560 contrabentium,
1087 1503 1124 1549 rel
1140 1518 1153 1550 u

193 1581 280 1638 agatur
290 1575 320 1622 de
335 1573 561 1632 dispensationibus
584 1570 689 1622 obtentis
707 1573 764 1620 aule
783 1569 851 1619 diem
868 1568 901 1616 25
909 1569 968 1632 p'un.
997 1570 1078 1631 1885,
1094 1576 1154 1621 nula

192 1646 282 1694 inerint
296 1646 326 1692 ob
338 1645 458 1692 incertum
470 1643 594 1692 reticitum
611 1642 637 1690 in
655 1641 780 1704 precibus,
802 1645 844 1690 aut
854 1639 975 1692 iteratum
993 1650 1057 1706 post
1079 1647 1154 1693 missas

192 1729 285 1780 preces,
302 1720 327 1765 et
340 1720 397 1764 ante
416 1714 610 1776 dispensationis
626 1713 812 1770 executionem,
834 1721 877 1764 aut
894 1717 1032 1775 patratum
1060 1716 1154 1765 durare

191 1795 299 1850 tempore
312 1785 479 1848 reparationis
490 1786 514 1834 vi
531 1787 666 1834 litterarum
681 1785 877 1846 apostolicarum
897 1783 1017 1838 indiclae.
1037 1787 1066 1836 in
1079 1791 1155 1835 marri-

192 1860 280 1908 moniis
291 1861 342 1908 talm
350 1856 533 1916 contrahendis,
546 1857 619 1920 quam
631 1857 707 1905 etiam
717 1857 741 1904 in
753 1855 815 1904 lacis
831 1855 948 1906 Ecclesia)
961 1861 1154 1912 continetiam.

191 1933 293 1981 serratis
309 1931 445 1991 servandis,
461 1929 527 1978 licite
539 1929 606 1988 iniri,
614 1943 658 1978 sen
671 1926 782 1976 renouari
791 1928 900 1988 possint,
913 1927 1041 1990 injuncta
1056 1935 1157 1994 congrui

190 2005 334 2068 poenitentia
350 2002 467 2056 salutari:
480 2010 505 2050 et
520 2001 540 2049 si
553 2006 641 2062 agatur
653 2000 684 2047 de
695 2000 785 2049 litteris
800 1999 833 2046 ab
847 2000 997 2060 tpostotiea
1006 2002 1112 2052 nutarit
1123 2014 1157 2049 «a»

191 2077 263 2124 tentis
277 2090 325 2122 nnn
341 2075 366 2123 in
383 2073 460 2122 rorum
476 2085 695 2133 pauperumsuper
713 2069 899 2130 impedimentis
916 2070 1008 2132 primi,
1025 2089 1076 2122 seu
1092 2076 1156 2135 prim

192 2156 216 2197 et
227 2147 339 2203 secundi,
355 2150 398 2194 aut
408 2143 511 2193 secundi
525 2143 623 2192 tantum
639 2141 863 2205 consanguinitatis
878 2143 918 2192 uel
939 2141 1087 2194 affinitatis
1106 2160 1157 2206 gra-

190 2220 276 2276 duum,
287 2216 511 2280 prescriptionem
523 2215 604 2276 aliqud
617 2214 784 2276 eleemosyn,
794 2211 891 2276 judicio
901 2215 1024 2276 ejusdcm
1037 2217 1157 2266 Ordinem

187 2289 260 2350 juxta
271 2288 473 2338 contrabentium
491 2288 556 2336 uires
572 2285 665 2336 taxati.

184 2547 249 2613 III.
263 2547 425 2612 [adultum
440 2545 482 2608 ad
492 2547 735 2630 quinquennium
750 2568 770 2608 a
786 2546 822 2612 S.
843 2549 879 2616 C·
897 2550 936 2614 de
957 2553 1171 2641 Propnynude

620 2645 715 2710 :Fide

215 2773 355 2823 Facultates
366 2785 491 2821 concessae
506 2771 572 2820 iSS.
586 2773 617 2821 Ι).
631 2773 663 2822 N.
682 2771 760 2820 Leone
775 2770 860 2822 divina
869 2776 1030 2838 providentia
1049 2783 1119 2847 Papa
1129 2785 1170 2832 lll

184 2847 216 2898 R.
234 2847 261 2895 P.
278 2847 302 2893 ll.
317 2843 374 2893 N...
393 2845 511 2905 Episcopo
528 2843 648 2892 Ecclesiae
662 2845 716 2895 ll...

213 2916 241 2967 i·
254 2915 403 2966 tusotvendi
418 2915 448 2962 ab
460 2915 550 2963 benresi
563 2921 588 2964 et
600 2914 720 2976 apostasia
732 2927 746 2962 a
761 2913 866 2966 iidecta
884 2911 1021 2969 schismate
1037 2937 1163 2985 quocum

184 3004 232 3052 que
245 2990 319 3039 etiam
332 2987 521 3046 ecclesiasticos,
548 2992 599 3035 tam
612 2988 742 3036 saeculares
765 3001 838 3048 quiam
852 2991 979 3051 regulares
996 3007 1005 3049 ς
1026 3007 1087 3045 non
1101 3003 1160 3046 tan:

184 3060 277 3122 eosqui
294 3073 325 3108 ex
339 3058 400 3106 locis
417 3057 508 3105 luerint
522 3058 564 3106 ubi
593 3058 708 3106 Sanctum
723 3057 835 3106 osticium
848 3067 988 3118 exercetur,
1011 3063 1064 3115 nisi
1081 3069 1110 3116 in
1123 3072 1166 3120 l-..a

184 3133 328 3180 missionum
355 3131 381 3179 in
405 3129 613 3192 quibusimpune
638 3135 781 3192 grossantur
806 3129 923 3186 haerases,
940 3133 1110 3195 deliquerint.
1135 3151 1167 3185 ree

183 3203 240 3251 illos
249 3204 289 3264 qui
298 3203 448 3263 judicialiter
459 3202 642 3262 abjuraverunt,
653 3201 700 3248 nisi
710 3201 751 3248 isti
763 3201 812 3249 nati
827 3200 877 3250 sint
886 3199 927 3250 ubi
939 3202 1047 3266 impune
1060 3224 1168 3272 grassu-

184 3283 225 3323 tur
236 3277 352 3327 hereses,
363 3279 388 3322 et
403 3280 455 3334 pont
465 3273 611 3334 judicialem
626 3272 805 3330 abjurationem
819 3271 878 3321 illuc
898 3279 995 3323 reversi
1013 3277 1041 3326 in
1062 3282 1168 3328 haeresi:

184 3345 278 3392 inerint
293 3344 385 3404 relapsi
397 3349 422 3392 et
436 3346 482 3392 hos
495 3345 521 3392 in
535 3346 586 3392 loro
603 3343 759 3392 eorrscientire
771 3345 873 3392 tantum.

214 3413 239 3462 2·
254 3414 365 3463 Tenendi
383 3419 408 3463 et
427 3416 536 3478 legendi,
563 3420 707 3463 nontamen
730 3414 785 3462 aliis
811 3414 975 3476 concedendi,
993 3425 1168 3484 praeterquam.

184 3487 218 3536 ad
234 3491 331 3548 tempus
359 3492 464 3544 tantum,
489 3489 518 3536 iis
545 3488 714 3536 sacerdotibus
742 3501 806 3548 quos
830 3488 954 3549 precipue
973 3490 1082 3542 idonens
1100 3505 1168 3553 arque

185 3561 300 3609 honestos
341 3572 396 3609 esse
418 3560 488 3614 sciat,
515 3559 590 3607 libros
621 3559 766 3622 prohibitos,
792 3559 1049 3622 exeeptispoparibus
1076 3568 1166 3627 nup-up.
