2526 3988
129 177 131 236 ἶ
208 173 311 232 ,π
451 187 588 232 annuam
608 185 709 232 mrrns
728 185 811 231 rums
833 185 981 232 conemur.

136 301 143 348 ’.
192 319 193 322 ¹
228 289 272 348 Ex
296 285 382 350 Brevi
401 291 503 350 autem
523 285 567 347 Pii
586 287 624 347 Vl
647 285 685 346 ad
708 285 908 350 Notulensem
927 286 1134 370 Episcopum,
1153 289 1198 353 hic

130 423 132 428 s
228 393 328 438 canon
347 374 473 456 intelligi
490 374 580 437 debet
596 375 635 437 de
655 375 798 437 omnibus
817 375 916 439 causis
933 377 1199 444 matrimonialibus

41 476 45 493 ¹
86 481 91 488 ·
229 465 300 528 clim
315 463 396 532 nulla
410 463 449 527 ait
461 463 597 546 exceptio
612 484 620 526 ε
635 487 656 529 n
670 464 701 527 Si
715 463 798 526 enim
816 461 863 527 hae
876 483 991 544 cause,
1011 465 1199 548 inquitPon-

228 576 244 615 a
269 553 358 632 tifex,
375 573 438 618 non
453 554 511 618 alia
526 554 642 616 ratione
656 556 807 636 pertinent
818 553 859 615 ud
870 573 958 616 unam
972 555 1113 619 Ecclesia
1123 558 1199 638 judi-

229 665 245 706 ι
268 643 370 723 cium,
396 641 454 706 nisi
474 642 546 726 quia
568 648 741 706 contractus
761 643 992 706 matrimonialis
1015 653 1059 708 est
1084 649 1153 710 vere
1173 655 1200 712 et

229 754 245 792 r
269 733 391 816 proprie
405 749 501 796 unum
516 750 552 796 cr
567 739 682 814 septem
698 731 773 814 legis
791 733 970 814 evangelicae
989 739 1198 812 sacramentis,

207 881 211 888 .
229 843 245 882 a
269 841 376 886 omnes
388 822 436 886 has
449 839 547 886 causae
561 821 713 904 pertinere
726 821 838 884 debent
850 822 888 884 ad
899 821 1015 902 judices
1028 819 1202 888 ecelesiasti-

229 935 246 974 ι
269 931 340 992 cos,
359 914 431 976 clam
448 912 554 975 eadem
575 911 614 974 sit
626 910 702 974 ratio
716 909 748 973 in
762 909 945 974 omnibus.»
964 911 1094 996 Intelligi
1116 913 1203 978 debet

229 1002 320 1066 etiam
340 1001 379 1066 de
398 1002 467 1065 sotir
486 999 639 1082 judicibus
659 1000 883 1078 ecclesiasticis,
904 1001 976 1064 cum
994 1001 1080 1065 aliter
1099 1022 1202 1068 rerum

230 1111 293 1155 non
307 1099 384 1155 esset
398 1109 505 1154 causas
514 1089 752 1153 matrimoniales
761 1107 881 1172 semper
894 1098 1028 1173 spectare
1038 1092 1077 1155 ad
1087 1095 1203 1174 judices

230 1181 446 1244 ecclesiasticos
481 1185 516 1243 ut
543 1177 687 1262 supponit
719 1177 899 1242 Concilium.
934 1181 969 1241 In
997 1181 1204 1262 probationem

229 1269 329 1333 afferri
355 1269 455 1332 adhuc
481 1276 606 1352 possent
627 1268 714 1332 multi
737 1267 787 1330 alii
814 1286 947 1332 canones
972 1270 1109 1334 videlicet
1134 1292 1203 1337 can.

231 1359 397 1422 Multarum
415 1361 469 1437 lt),
488 1376 578 1422 causa
597 1361 655 1438 35,
678 1377 711 1440 q.
726 1362 761 1434 6;
782 1375 850 1439 cap.
876 1357 968 1420 Tuum
991 1363 1028 1436 3,
1047 1359 1082 1424 de
1104 1363 1204 1428 ordine

231 1449 357 1532 coquit.;
369 1467 436 1530 cap.
454 1447 579 1512 capam
591 1451 623 1527 4,
637 1447 691 1530 qui
703 1447 841 1531 filiisunt
856 1447 1004 1530 legitime,
1021 1457 1079 1514 etc.
1100 1484 1102 1492 ,

271 1543 363 1602 5518.
374 1541 441 1601 Non
451 1544 552 1600 autem
563 1555 601 1600 ex
609 1537 806 1600 concessione
816 1537 988 1620 principum
998 1557 1097 1603 causae
1108 1545 1206 1608 matri-
1246 1524 1249 1635 l

232 1628 378 1692 moniales
391 1626 429 1708 ad
446 1625 611 1690 Ecclesiam
625 1627 797 1708 pertinent,
814 1625 868 1688 sed
887 1645 924 1689 ex
940 1629 1008 1706 jure
1023 1630 1126 1693 innato
1143 1652 1150 1692 :
1166 1633 1206 1696 ita

232 1719 315 1780 enim
338 1715 373 1780 se
391 1716 481 1780 habet
496 1715 664 1778 Alexander
687 1717 726 1778 lll
748 1715 778 1777 in
802 1716 947 1779 Decretali
967 1717 1092 1782 Causam
1114 1721 1206 1786 modo

232 1808 320 1870 citata
336 1825 343 1868 :
361 1809 447 1869 aNoa
466 1803 653 1868 attendentes
666 1804 748 1888 quod
759 1805 798 1867 ad
812 1825 914 1888 regem
930 1807 1076 1888 pertinet,
1093 1827 1155 1872 non
1168 1813 1205 1874 ad

232 1919 247 1958 a
273 1895 457 1976 Ecclesiam,
471 1893 510 1958 de
522 1894 632 1957 talibus
644 1895 1041 1978 possessionibuejudioare,
1052 1916 1091 1960 ne
1104 1899 1206 1964 videa·

232 2011 247 2048 a
272 2004 341 2050 mur
355 1985 418 2066 juri
437 1983 517 2067 regis
531 1983 700 2066 anglorum
717 1983 890 2059 detrahere,
907 1985 960 2066 qul
976 1985 1113 2068 ipsomm
1123 1989 1207 2069 judi·

231 2099 246 2136 r
272 2076 354 2140 cium
367 2075 406 2138 ad
426 2091 459 2137 se
472 2073 578 2136 asserit
592 2073 761 2156 pertinere,
775 2073 952 2138 fraternitati
966 2081 1070 2138 vestre
1084 2079 1209 2142 manda·
1247 2076 1248 2085 ’

233 2188 248 2224 a
273 2183 359 2242 mus,
375 2169 525 2246 quatenus
534 2163 597 2243 regi
611 2162 837 2244 possessionum
843 2163 992 2244 judicium
1002 2164 1210 2247 relinquentes

231 2276 247 2314 a
271 2253 310 2316 de
321 2255 412 2336 causa
425 2251 583 2332 principali
596 2297 604 2326 ,
619 2249 756 2314 videlicet
768 2258 870 2315 utrum
885 2260 981 2315 mater
995 2254 1129 2335 predicti
1142 2261 1208 2320 N.

55 2397 64 2422 ἵ,
233 2363 247 2402 a
271 2343 309 2405 de
324 2341 458 2423 legitimo
471 2341 509 2403 sit
529 2339 722 2402 matrimonio
736 2345 826 2420 nata,
841 2341 961 2423 plenius
974 2347 1165 2424 cognoscatis
1180 2355 1212 2410 et

152 2495 153 2498 Ἴ
233 2455 247 2490 »
271 2449 394 2495 causam
405 2428 579 2512 hujusmodi
593 2428 771 2493 terminetis.
784 2452 800 2490 a
814 2433 894 2513 Ergo
904 2431 1057 2511 judicibus
1064 2435 1211 2501 Ecclesiae

11 2527 32 2546 '·
77 2509 81 2518 ’
233 2521 393 2585 tribuendo
415 2519 621 2602 cognitionem
647 2537 747 2583 cause
769 2521 999 2584 matrimonialis
1020 2522 1059 2586 de
1085 2529 1150 2606 qua
1178 2527 1211 2590 in

233 2611 378 2675 Decretali
400 2610 514 2694 agitur,
537 2604 707 2673 Ale'xander
724 2611 764 2672 ΙΙΙ
784 2611 889 2673 asserit
912 2610 944 2672 in
966 2610 1023 2674 hoc
1046 2613 1122 2676 nihil
1142 2635 1212 2682 esse

233 2701 457 2781 derogatorium
468 2699 529 2780 juri
542 2699 623 2782 regis
637 2697 817 2781 anglorum.
833 2701 932 2781 Ergo,
945 2706 1003 2764 etc.

272 2789 359 2854 Unde
372 2791 405 2852 in
418 2792 473 2852 sua
485 2788 610 2872 epistola
622 2786 662 2850 ad
674 2807 778 2872 regem
791 2787 951 2860 Sardinia,
970 2793 1007 2854 ta
1019 2796 1097 2874 sept.
1116 2797 1210 2873 1852,

232 2881 304 2944 Pius
316 2881 357 2942 lx
367 2878 486 2942 dicebat
501 2897 508 2938 ε
529 2879 622 2952 «Qua
636 2877 743 2956 Gesar,
756 2878 883 2960 gardent
895 2895 931 2940 ce
944 2878 997 2960 qui
1011 2887 1055 2944 est
1068 2883 1086 2944 a
1101 2884 1210 2957 Cesar,

8 3019 39 3044 „,
231 2991 247 3030 a
272 2969 358 3032 laissa
373 2970 391 3032 a
405 2967 526 3050 l’Eglise
538 2986 574 3032 ce
587 2968 639 3050 qui
654 2973 699 3029 est
712 2970 730 3030 a
744 2967 880 3050 l’llglise3
896 2967 916 3029 il
928 2966 977 3049 n'y
992 2987 1009 3030 a
1024 2987 1076 3049 pas
1089 2971 1213 3038 d'autre

8 3043 31 3124 .'.
54 3079 68 3138 ζΙ
115 3065 118 3068 ’
232 3081 247 3120 a
272 3075 383 3142 moyen
396 3056 435 3120 de
451 3055 655 3121 conciliation.
671 3057 736 3130 Qua
750 3055 778 3118 le
796 3056 922 3139 pcuvoir
934 3057 1002 3120 civil
1019 3057 1142 3139 dispose
1156 3063 1214 3127 des

37 3145 58 3168 ³·
232 3173 247 3209 r
271 3147 355 3212 elicta
375 3145 458 3212 civile
471 3146 523 3228 qui
541 3143 678 3210 derivant
698 3145 741 3209 du
762 3145 914 3228 mariage,
934 3145 1009 3208 mais
1030 3148 1103 3229 qu'il
1120 3151 1214 3218 luisse

232 3261 247 3299 a
272 3237 392 3321 l'llglise
405 3237 504 3318 regler
514 3235 543 3298 la
552 3233 673 3298 vatidite
684 3235 726 3298 du
740 3235 874 3317 mariage
886 3241 971 3298 entre
984 3236 1027 3299 les
1042 3237 1211 3319 ohretiens;

61 3377 74 3398 „
232 3351 247 3388 a
272 3347 332 3410 que
350 3327 378 3390 la
392 3325 432 3390 loi
445 3324 530 3389 ciuile
543 3342 659 3408 prenne
672 3342 750 3406 pour
770 3325 856 3407 point
874 3324 913 3388 de
925 3324 1030 3408 depart
1043 3326 1070 3389 la
1085 3330 1213 3396 validite

120 3429 126 3434 ·’
233 3443 247 3476 o
271 3435 311 3478 on
325 3413 545 3479 t'invaliditedu
559 3413 692 3495 mariage
703 3431 823 3476 comme
832 3413 952 3496 l'Eglise
965 3416 1008 3479 les
1018 3415 1212 3500 determine,

233 3530 247 3564 n
272 3513 302 3567 et
322 3511 438 3586 partant
458 3503 497 3566 de
520 3520 554 3566 ce
577 3501 645 3579 tait,
662 3502 770 3583 qu’alle
792 3521 829 3565 ne
853 3511 923 3585 peut
945 3505 1111 3569 constitues
1127 3509 1214 3589 (cela

233 3618 246 3654 r
272 3601 316 3658 est
334 3593 404 3655 hors
416 3592 455 3654 de
469 3611 502 3656 sa
521 3589 639 3674 sphera)
652 3589 761 3672 qu'elle
773 3611 811 3654 en
826 3591 907 3673 regle
921 3591 963 3655 les
977 3591 1060 3657 ellets
1072 3595 1172 3662 civils.
1191 3622 1209 3660 a
