2452 3984
78 249 81 254 ’
200 231 258 293 rm
417 246 553 291 uenulae
573 246 673 291 mnus
693 245 775 290 rums
795 243 941 290 annuunt.

238 348 327 408 5984.
352 344 483 406 Omnino
492 339 611 405 tenetur
622 341 741 421 judext
757 361 813 424 quc
826 340 992 403 concedere
1006 341 1162 423 apostolus,

198 443 229 497 et
238 436 262 495 si
276 439 412 505 recuset,
428 452 466 494 ec
481 443 560 502 tone,
570 432 597 493 si
608 431 685 514 forta
696 433 727 492 in
740 429 825 492 caueri
837 427 975 512 procedat
989 429 1060 506 (nial
1071 433 1166 512 appel·

199 521 306 584 lationi
313 523 513 584 renuntiatum
527 521 642 603 suerit),
658 519 722 600 ejus
735 517 920 581 invaliduset
933 517 1041 580 irritare
1049 527 1164 601 estpro-

197 631 299 688 cessus,
315 629 351 674 ex
365 629 432 693 cap.
448 616 485 690 l,
500 613 545 673 tit.
561 615 619 688 la,
636 609 689 671 lib.
706 613 735 686 2,
752 609 783 670 in
796 612 839 670 6⁰.
1190 672 1194 681 ,

238 702 312 764 ture
332 699 478 763 hodierno
500 700 621 782 triginta
643 697 708 761 dics
734 695 943 760 conceduntur
965 695 1003 758 ad
1024 697 1167 778 petendos

198 789 348 871 apostolos
362 793 438 871 toap.
455 787 502 851 At
515 807 546 850 eo
560 792 589 864 c,
605 786 639 849 de
652 787 675 850 Α
680 785 818 869 ρρεῐίαί.,
839 785 870 846 in
883 787 938 862 6⁰);
953 783 1007 846 sed
1020 783 1078 846 hoc
1090 793 1165 848 tern-

198 897 257 961 pus
270 879 443 941 abbreviare·
461 883 557 960 potest
571 875 664 956 judex
677 876 695 937 ri
708 895 775 957 quo,
791 881 822 936 et
840 875 992 955 assignare
1007 873 1165 955 appellanti

198 967 364 1029 terminum
379 967 552 1042 arctiorem,
572 983 633 1047 quc
653 963 775 1045 elapsa,
790 963 814 1024 si
830 962 984 1044 appellans
1000 980 1054 1024 eos
1070 969 1167 1042 petere

200 1055 374 1136 neglexerit,
391 1054 581 1136 appellationi
592 1053 779 1116 renuntiasse
793 1057 944 1126 censetur,
954 1049 1081 1130 perinde
1094 1069 1130 1112 ac
1141 1056 1167 1115 si

199 1143 290 1224 elapsi
305 1145 403 1205 forant
415 1146 454 1205 30
468 1141 532 1204 dies
544 1142 662 1222 deiure
675 1140 832 1203 communi
848 1157 1009 1202 concesse.
1025 1141 1069 1200 lta
1082 1157 1167 1202 corn-

199 1233 340 1294 muniter.

231 1307 1170 1404 5985.Potestjudcxdqnopraesrgereappellantiterminumad

199 1410 424 1490 praesentandos
433 1411 582 1492 apostolos
594 1409 689 1488 judici
702 1407 741 1470 aul
752 1423 856 1488 quarm·
871 1424 933 1487 quo
949 1405 1067 1487 elapso,
1086 1408 1112 1469 si
1126 1409 1169 1470 illi

199 1497 320 1559 exhibiti
333 1517 392 1560 non
407 1497 537 1576 luerint,
552 1499 711 1580 appellatio
725 1501 864 1558 censetur
877 1495 1080 1558 deserta-Si
1095 1499 1171 1560 vend

198 1587 361 1648 terminum
380 1605 442 1648 non
461 1589 611 1670 praefigat,
627 1605 678 1649 sex
692 1602 813 1648 menses
835 1582 1044 1646 conceduntur
1059 1603 1170 1648 nume-

198 1673 313 1736 rendit
327 1673 375 1737 die
389 1676 570 1758 interpositae
583 1673 810 1758 appellationis:
826 1671 911 1734 multi
926 1679 1028 1735 tamen
1042 1685 1172 1738 censent

199 1761 255 1824 hcc
268 1763 399 1845 relinqui
412 1765 533 1827 arbitrio
544 1765 654 1844 Judicis
667 1763 760 1846 liquo.
776 1760 851 1823 Vide
866 1760 961 1823 Bouix
972 1760 1037 1840 (it,
1048 1782 1079 1844 p.
1095 1767 1166 1842 278,

196 1855 285 1932 279ss
302 1853 454 1916 Reiffenst.
470 1855 525 1933 (De
537 1853 681 1928 dediciis,
695 1854 741 1914 tit.
755 1853 811 1926 28,
828 1853 944 1927 n016'l,
961 1848 1040 1928 t68);
1057 1853 1167 1916 Strem«

197 1939 241 2004 ler
253 1942 321 2021 (Hes
336 1942 438 2006 Peiora
450 1944 561 2022 eccles,
578 1962 608 2024 p.
624 1939 705 2021 436).

237 2035 325 2094 5986.
350 2033 380 2096 Si
398 2033 496 2096 ludex
514 2033 601 2115 dquc
615 2030 765 2114 apostolos
778 2028 957 2111 denegaret,
974 2037 1170 2112 possetcertd

196 2121 351 2202 appellans
363 2122 476 2203 absque
486 2123 522 2184 iis
533 2121 675 2202 prosequi
689 2137 775 2182 suam
786 2118 1028 2200 appellationem.
1045 2121 1172 2186 Constat

196 2228 233 2271 ex
246 2228 312 2290 cap.
329 2209 398 2271 Post
411 2209 645 2291 appellantium,
661 2226 749 2270 causa
759 2213 790 2284 2,
804 2227 834 2289 q.
844 2211 874 2284 6;
886 2212 916 2269 et
925 2226 962 2270 ex
975 2207 1126 2272 Clamant.
1139 2216 1172 2290 Ξ,

195 2295 230 2358 de
243 2298 396 2379 Appellat.

235 2385 315 2447 ll'otc
328 2385 412 2469 qudd
425 2387 579 2469 appellans
591 2385 699 2449 debeat
712 2393 893 2469 praesentarc
905 2386 1056 2450 ludiciud
1067 2408 1173 2470 quent,

195 2480 296 2538 actum
311 2475 516 2538 authenticum
531 2493 592 2558 quo
605 2482 721 2538 constet
733 2475 833 2538 debite
845 2493 877 2536 se
896 2476 1063 2557 postulasse
1077 2497 1175 2561 apos-

196 2564 291 2642 tolos,
307 2573 337 2627 et
359 2567 481 2648 insuper
500 2565 626 2648 probare
641 2565 859 2646 legitimitatem
880 2583 943 2626 sure
957 2565 1178 2646 appellationis

195 2654 316 2735 quando
340 2654 403 2717 haec
425 2655 562 2737 probatio
591 2655 825 2736 praerequiritur.
849 2656 892 2715 lta
914 2654 996 2715 eninr
1020 2671 1053 2716 se
1076 2655 1178 2721 hahet

195 2741 334 2804 Clemens
346 2745 407 2804 Vlll
422 2743 451 2805 in
467 2762 522 2806 suo
536 2742 641 2806 Edicto
660 2743 711 2809 Ad
728 2741 886 2820 tollendos,
898 2743 948 2824 §3
965 2763 973 2803 ι
993 2747 1178 2827 «Appella-

195 2853 210 2888 c
234 2830 331 2893 tiones
346 2849 504 2913 nunquam
513 2833 695 2914 recipiantur
707 2832 762 2894 nisi
773 2851 826 2914 per
836 2832 957 2914 publica
971 2831 1176 2913 documenta,

196 2943 209 2978 a
234 2939 302 3000 quae
317 2920 435 2982 realiter
443 2920 651 2996 exhibeantur,
666 2919 1178 3002 priirsconstiteritappellationern

195 3031 209 3065 n
234 3011 250 3070 a
273 3009 419 3070 sententih
434 3007 586 3072 definitiva
601 3009 646 3072 vel
667 3010 796 3072 habente
814 3009 874 3071 vim
887 3009 1068 3089 definitiva,
1085 3023 1143 3076 aut
1160 3023 1178 3078 a

194 3121 208 3155 a
234 3099 407 3179 gravamine
430 3098 511 3180 quod
534 3117 588 3181 per
611 3097 794 3161 definitivam
822 3099 1002 3161 sententiam
1032 3110 1179 3183 reparari

196 3211 208 3245 o
235 3205 296 3248 non
313 3188 421 3268 possit,
438 3189 469 3250 in
484 3189 603 3251 casibus
620 3191 637 3249 a
653 3189 720 3267 jure
735 3205 797 3250 non
816 3188 982 3270 prohibitis,
1003 3207 1058 3272 per
1072 3191 1181 3275 legiti-

194 3298 208 3334 η
233 3293 315 3338 mam
330 3294 490 3358 personam
504 3285 533 3339 et
547 3278 623 3340 intra
637 3275 736 3340 debita
749 3283 885 3360 tempora
899 3277 991 3340 luisse
1005 3279 1181 3365 interposi-

195 3387 208 3425 o
234 3372 295 3428 tam
310 3383 346 3428 ac
362 3373 588 3445 prosecutam...

234 3477 248 3512 a
272 3453 359 3534 ξε)...
374 3455 479 3516 Ghmh
494 3455 667 3534 gravamine
681 3456 762 3538 quod
775 3475 828 3538 per
836 3455 1021 3521 definitivam
1030 3465 1181 3541 reparari

195 3565 209 3600 a
234 3543 358 3622 nequit,
383 3550 416 3604 ut
441 3541 580 3605 indebite
604 3547 832 3624 cancerationis,
848 3552 900 3610 aut
919 3552 1183 3614 excommunica·

195 3647 210 3686 a
233 3627 323 3690 tionis
336 3629 425 3692 etiam
440 3629 631 3694 comminatas
642 3633 827 3715 appellatur,
843 3635 963 3698 nonnisi
977 3635 1047 3696 vista
1061 3639 1148 3698 acris
1164 3643 1182 3703 b
