2462 3984
434 287 519 334 elasa
539 287 668 333 mnnus.
970 269 1028 337 too

81 403 140 450 rsus
157 385 390 468 nurpbybologiis
409 385 527 450 crimen
547 383 673 448 celando
688 389 792 450 contre
803 384 950 466 justitiam
968 401 1031 446 non

81 481 188 556 peccat,
207 475 409 537 modolamen
431 473 541 536 hubent
553 491 640 556 spem
652 473 809 537 evadendi.
829 476 1034 554 Interrogatus

80 571 167 626 autem
188 581 256 626 reus
275 564 305 624 in
328 563 410 626 dioto
432 581 504 626 casu
527 573 628 644 posset
650 581 761 644 negare
784 579 874 626 suum
897 563 1031 639 crimen,

81 654 157 713 etiam
174 671 241 714 oum
258 653 452 732 juramento,
467 652 574 714 saltem
592 653 659 716 sine
681 651 762 733 gravi
776 657 915 733 peceato,
931 651 1035 712 subin·

82 739 224 822 telligendo
250 761 306 802 non
328 739 501 803 commisisse
522 748 666 825 quotenus
683 747 818 804 terrentur
838 738 943 824 fateri.
959 739 1035 802 Vide

81 831 106 890 S.
120 831 233 911 Lignor.
250 830 313 910 (lib.
328 834 367 906 t,
391 834 426 892 n⁰
446 834 520 906 Μ
536 829 588 890 lib.
609 832 649 908 3,
664 832 696 892 n⁰
711 831 792 907 t56);
809 827 952 892 Stremler
966 827 1035 908 (Bes

82 917 286 997 Pnnrseccle's.‚
301 939 332 1002 p.
345 921 495 998 tebras).
513 920 606 981 Secus
614 918 756 1001 opinatur
766 919 909 999 Lequeux
920 935 957 978 ex
966 933 1035 998 oep.

81 1004 248 1088 orbamque
260 1013 292 1084 9,
307 1027 397 1070 eausa
411 1011 465 1084 22,
478 1027 510 1089 q.
525 1011 543 1070 5
557 1011 602 1085 (n0
617 1011 707 1085 1312,
723 1007 755 1068 in
767 1006 849 1090 fine).

111 1095 194 1156 5935.
216 1098 294 1158 Cosu
308 1101 410 1158 sutem
424 1115 485 1176 quo
499 1115 568 1157 reus
586 1097 675 1158 estin
691 1095 770 1159 bont
784 1093 865 1173 fide,
886 1099 916 1157 et
935 1091 1039 1177 praeri-

80 1181 155 1246 detur
172 1184 254 1267 quod
276 1183 397 1248 diflicite
420 1185 527 1266 poterit
541 1184 643 1247 induci
662 1184 700 1248 ad
723 1183 879 1248 latendum
902 1183 1036 1256 crimen,

79 1273 263 1338 confessarius
277 1273 367 1336 debet
383 1273 468 1335 illum
490 1271 662 1354 relinquere
675 1274 707 1335 in
727 1277 781 1336 sut
795 1273 875 1336 bons
889 1271 948 1336 lide
960 1319 969 1350 ,
983 1272 1038 1334 etsi

81 1360 186 1425 aliunde
199 1370 354 1425 teneretur
365 1361 403 1424 ad
417 1361 491 1425 illud
505 1362 713 1425 confitendum
729 1364 775 1445 (S.
790 1364 924 1445 Lignor,
941 1361 994 1427 lib.
1006 1365 1036 1438 d,

82 1451 284 1531 neutros
300 1453 390 1514 tatem
413 1452 594 1514 sententiam
608 1471 677 1515 reus
695 1470 757 1514 non
770 1457 890 1515 tenetur
902 1449 1039 1516 confiteri

81 1540 182 1602 crimen
194 1541 276 1622 quod
290 1549 361 1603 ente
371 1541 480 1620 injuste
495 1541 614 1622 negavit
631 1559 639 1603 ε
655 1541 744 1624 quia,
763 1541 848 1603 linito
858 1540 991 1621 iudicio,
1007 1538 1040 1601 fi·

83 1627 151 1689 uitur
164 1630 204 1692 rei
220 1630 377 1712 obligatio.
388 1629 473 1691 ldem
486 1635 532 1692 est
540 1629 701 1692 dicendum
715 1629 754 1692 de
765 1635 850 1693 teste.
867 1631 1040 1692 Controver·

83 1715 142 1778 titur
163 1725 263 1781 autem
287 1737 328 1781 an
351 1719 532 1782 antelatam
553 1719 732 1782 sententiam
752 1738 823 1782 reus
844 1723 981 1782 teneatur
1002 1717 1041 1780 nd

84 1803 221 1870 latendum
236 1825 329 1871 suum
352 1807 489 1886 crimen,
511 1809 565 1870 etsi
584 1827 647 1871 non
670 1809 801 1890 amptibs
820 1809 1038 1889 interrogetur3

86 1895 305 1970 probabiliorem
312 1895 961 1977 senteutiamaffirmantemvocatS.Liguor.
973 1895 1042 1977 (lo.)

117 1987 193 2048 59³6.
217 1986 344 2059 Quaerit.
360 1989 393 2048 2⁰
406 1983 712 2064 Ouandonamjudex
731 1984 902 2048 censendus
920 1985 959 2046 sit
972 1984 1042 2066 legi·

89 2070 145 2133 lime
156 2075 360 2156 interrogare?

118 2161 196 2246 Hesp.
220 2167 259 2229 Ut
273 2161 409 2244 legitime
422 2161 700 2244 interimendos,
713 2161 876 2244 requiritur
892 2181 899 2222 :
913 2164 945 2224 t·
959 2168 992 2224 ut
1005 2162 1042 2225 sit

84 2259 258 2332 competens3
267 2256 303 2315 2⁰
318 2259 350 2314 ut
363 2259 495 2316 servetur
506 2251 584 2332 juris
597 2251 682 2329 ordo;
692 2255 724 2314 3⁰
735 2259 767 2315 ut
771 2253 836 2332 jam
847 2256 964 2314 exstent
972 2270 1043 2314 con-

82 2341 120 2399 tra
136 2357 237 2420 neuin,
252 2339 302 2405 vel
323 2339 461 2416 infamia,
477 2342 524 2405 vel
547 2343 648 2425 gravia
662 2341 791 2419 indicia,
806 2341 852 2404 rel
866 2341 1044 2423 semi-plene

83 2427 204 2506 probatio
222 2429 320 2494 etiam
341 2432 374 2492 in
392 2448 463 2494 casu
483 2449 545 2512 quo
565 2430 738 2513 proceditur
750 2449 805 2513 per
822 2429 901 2492 viam
919 2449 1043 2493 accuss-

81 2513 173 2594 ticnis;
187 2523 221 2582 4⁰
234 2526 268 2583 ut
284 2536 337 2581 reo
360 2517 592 2582 manifestaverit
602 2519 697 2599 judex
719 2536 861 2600 quaenam
882 2525 987 2580 contra
1002 2520 1045 2600 ip

82 2621 141 2667 sum
153 2615 246 2672 exstet
258 2607 396 2680 infamia,
411 2607 457 2670 vel
471 2608 571 2689 gravia
585 2607 707 2682 indicia,
723 2607 769 2669 vel
784 2605 963 2688 semi-plens
976 2625 1043 2688 pro

84 2691 162 2760 butio.
177 2699 211 2758 In
221 2699 316 2762 rebus
329 2703 431 2759 tamen
446 2696 618 2774 levioribus,
629 2713 699 2758 reus
710 2695 734 2757 si
749 2695 823 2758 sciat
830 2693 965 2776 judicem
979 2713 1045 2762 esse

82 2783 200 2860 probum
213 2795 243 2849 et
265 2785 391 2850 doctum
404 2785 494 2848 debet
514 2803 699 2868 praesumere
712 2784 796 2867 quod
815 2784 923 2849 hebeat
933 2787 984 2868 jus
1001 2787 1047 2850 iu·

82 2875 243 2955 terrogandi
253 2883 284 2938 et
297 2873 387 2938 debet
400 2875 428 2936 ei
441 2875 594 2938 ueritatem
605 2874 717 2938 dicere.

117 2963 211 3026 ludex
223 2969 327 3027 autem
338 2969 486 3026 secretum
499 2965 515 3026 d
530 2964 649 3027 subdito
662 2970 845 3047 extorquens
858 2971 966 3048 preter
976 2968 1044 3046 jus,

83 3051 236 3116 mortaliter
251 3065 373 3134 peccam
389 3071 446 3116 nec
460 3059 557 3135 polest
579 3053 705 3117 ulterius
718 3055 881 3136 procedere
894 3063 946 3118 cut
959 3056 1046 3118 illum

86 3141 200 3218 punire,
222 3148 285 3204 tam
306 3141 331 3204 si
345 3143 502 3204 extorserit
520 3141 559 3204 ab
573 3141 702 3223 ipsomet
723 3162 776 3206 reo
798 3146 892 3226 quem
911 3145 929 3205 a
949 3151 1043 3205 teste:

86 3225 183 3306 iniuste
196 3231 268 3294 rerd
281 3237 421 3294 censetur
439 3239 632 3313 extorquere,
648 3232 771 3313 quando
785 3234 901 3310 minas,
921 3232 981 3292 vim
996 3238 1047 3294 aut

86 3320 224 3382 tormenta
238 3319 339 3382 illicite
353 3319 490 3398 exhibet,
506 3329 539 3382 ut
558 3321 694 3383 criminis
707 3320 929 3384 confessionem
942 3319 1048 3400 eripiat

86 3403 118 3464 ab
131 3423 165 3468 eo
181 3408 218 3470 de
233 3428 294 3491 quo
309 3408 392 3471 nulle
406 3415 521 3471 exstant
534 3409 659 3486 indicia,
678 3409 820 3485 infamia,
834 3414 886 3472 aut
899 3407 1044 3490 probatio.

87 3492 213 3578 (Pellem,
227 3517 276 3581 ap.
297 3499 395 3561 Bouix
407 3496 448 3560 it.
464 3517 495 3581 p.
510 3501 586 3578 204,
601 3502 679 3576 205;
694 3497 850 3576 Streurler,
870 3497 928 3560 Det
942 3498 1047 3564 Pelnes

87 3583 230 3670 ercle's.‚p.
247 3589 329 3666 166.)

122 3675 208 3738 tota.
228 3709 268 3726 -·
288 3674 328 3738 V.
348 3675 613 3752 Demltlont'bus,
628 3675 769 3738 articulis
781 3675 971 3756 etcopitalr's.
