2526 3988
442 295 527 348 UBER
546 293 678 340 taurios.

476 429 558 492 llll.
582 429 628 493 lll.

392 561 429 606 oa
448 559 718 609 unocurulronrnus⁰

102 687 188 748 5615.
211 685 305 747 Juxta
333 681 465 746 nominis
488 685 722 767 etymologiam,
745 703 804 750 vox
822 693 1001 769 procurator
1022 685 1041 748 1

67 774 158 836 serbis
166 794 225 858 pru
244 773 308 835 alio
320 780 439 836 carator
458 774 540 836 venit
555 793 563 836 ε
579 773 723 838 delinitur
743 782 846 838 autem
865 781 1041 856 procurator

65 864 79 922 'o
97 862 160 945 lege
182 865 314 926 romana
334 865 381 944 (L.
406 867 586 926 Procurator
600 867 635 942 l,
654 863 687 928 ff.
703 863 738 926 de
749 863 1001 946 procuratoribus)
1016 862 1041 925 ia

70 973 82 1010 ι
102 953 151 1034 qui
166 951 266 1016 atiena
281 952 402 1035 negotia
417 952 560 1015 mandato
573 953 690 1016 domini
705 951 904 1016 administrat.
920 975 936 1013 1>

101 1045 189 1105 6616.
211 1043 399 1105 Procurator
412 1041 450 1104 ab
464 1040 608 1105 aduocato
620 1041 734 1120 dillert;
750 1042 805 1106 istc
817 1043 901 1104 enim
916 1061 977 1104 non
992 1041 1040 1104 ad·

66 1131 208 1194 ministrat
222 1132 403 1213 nogotium,
420 1130 473 1193 sed
486 1130 631 1194 duntaxat
651 1131 777 1194 domino
800 1131 847 1194 rel
861 1129 955 1215 ipsius
970 1150 1039 1213 pro·

67 1219 188 1282 curatori
209 1219 242 1282 in
259 1219 378 1300 judicio
391 1220 491 1301 egenti
505 1219 650 1283 auxilium
663 1227 783 1305 praestat
800 1240 807 1282 :
824 1220 905 1284 unde
919 1220 942 1282 si
956 1221 1039 1299 jura-

66 1315 195 1371 mentum
210 1309 366 1390 exigatur,
382 1327 444 1371 non
459 1309 497 1371 ab
515 1308 679 1388 advocato,
695 1309 747 1372 sed
761 1309 808 1373 vel
822 1311 839 1372 1
854 1309 979 1372 domino
993 1309 1038 1372 rel

67 1397 101 1458 ab
128 1397 221 1479 ipsius
250 1404 448 1480 procuratore
474 1398 681 1480 praestandum
709 1405 755 1461 est
780 1419 787 1461 :
816 1399 841 1462 si
869 1400 1039 1481 requiratur

67 1501 225 1550 muscosus
239 1487 281 1550 ad
300 1487 433 1569 aliquam
447 1489 715 1570 compositionem,
736 1507 798 1551 non
812 1487 946 1552 advocati
964 1507 1038 1550 con·

68 1593 165 1639 sensus
179 1575 351 1659 quidquam
365 1575 458 1654 valet,
475 1575 528 1638 sed
549 1577 708 1659 litigantis,
725 1577 770 1640 vel
786 1577 880 1660 ipsius
895 1596 1037 1660 procura·

69 1665 151 1738 toris,
164 1671 221 1730 etc.

102 1753 202 1818 Didert
218 1755 312 1818 etiam
326 1761 504 1836 procurator
518 1757 536 1819 1
549 1763 647 1820 tutore
665 1756 711 1820 rel
726 1761 884 1835 curatore,
904 1757 975 1838 quia
989 1755 1037 1818 isti

72 1859 126 1904 non
139 1847 153 1906 1
167 1844 288 1928 pupillo
298 1844 344 1906 vel
359 1845 494 1923 minore,
510 1846 562 1908 sed
577 1849 594 1909 b
609 1847 686 1929 lege,
702 1851 853 1926 testatore,
867 1851 938 1922 eto,
948 1863 1037 1908 oons-

72 1931 232 2015 tituuntur,
258 1933 334 1996 dum
356 1946 532 2016 procurator
555 1935 593 1998 ab
615 1936 680 2018 ipso
702 1935 837 2016 litigante
861 1941 1037 2016 potestatem

75 2023 180 2104 accipit.

107 2113 187 2177 5611.
210 2115 429 2178 Procuratores
442 2113 491 2177 alii
506 2117 578 2176 sunt
591 2111 739 2194 emacules
752 2111 804 2194 qui
820 2111 858 2174 ad
872 2110 974 2174 omnia
986 2129 1037 2175 ne-

71 2201 140 2278 gotia
153 2221 324 2286 omnesque
333 2203 399 2266 lites
413 2203 653 2280 constituuntur;
670 2200 719 2264 alii
733 2199 869 2284 speciales
880 2199 1037 2283 quidepu·

69 2293 160 2354 antur
172 2292 210 2355 ad
224 2293 461 2356 determinatum
484 2293 655 2374 negotium,
671 2291 754 2354 litem
778 2290 958 2373 specialem,
974 2297 1033 2355 etc.

103 2381 313 2446 Procuratores
338 2382 494 2464 generales
521 2381 743 2446 constituuntur
770 2380 816 2443 vol
839 2379 1035 2462 simpiciter,

68 2473 93 2527 ct
105 2471 158 2550 ipsi
172 2490 235 2535 uon
251 2477 378 2554 possunt
392 2472 524 2536 alienare
541 2471 598 2534 nisi
613 2489 726 2554 eaquae
737 2469 818 2532 brevi
833 2487 1037 2550 corrumpun-

68 2561 110 2619 tur
122 2567 150 2623 et
163 2561 275 2624 serrari
291 2569 465 2643 nequeunt3
480 2560 528 2624 vel
541 2579 613 2624 cum
628 2559 719 2622 liberet
735 2563 765 2621 et
772 2557 862 2640 plectri
874 2565 1032 2638 potestate,

68 2651 93 2707 ct
104 2654 172 2712 tunc
190 2651 323 2714 alienare
338 2657 464 2732 possunt
478 2657 542 2714 turn
556 2648 679 2713 mobilia
691 2654 755 2710 tum
774 2645 957 2726 immobilia,
974 2665 1035 2710 non

68 2738 160 2800 umen
172 2746 329 2804 contractu
343 2740 526 2804 donationis.

102 2827 213 2892 lterum
227 2836 437 2912 procuratores
453 2850 460 2892 :
476 2829 527 2893 alii
541 2835 611 2892 sunt
620 2827 824 2912 principales,
839 2825 892 2909 qui
907 2827 945 2889 ab
959 2828 1036 2910 ipso-

68 2923 124 2978 met
136 2917 261 2982 domlno
275 2919 427 2983 constituti
449 2925 521 2982 sunt
527 2939 535 2997 ;
558 2918 607 2982 alii
621 2917 776 2980 sciscitari
786 2964 795 2996 ,
810 2917 862 2999 qui
883 2917 900 2979 t
921 2917 1034 2998 princi-

69 3005 121 3083 pali
136 3015 328 3090 procuratore
341 3009 576 3072 constituuntur.

105 3095 248 3160 Praeterea
271 3097 321 3160 alii
335 3105 405 3160 sunt
414 3097 575 3180 judiciales
589 3104 619 3160 et
639 3096 679 3159 od
692 3097 760 3160 lites
773 3095 971 3179 deputantur,
986 3094 1034 3159 alii

69 3185 303 3267 ectrojudr'cioles
319 3187 370 3270 qui
385 3187 423 3249 ad
437 3195 544 3250 caetera
558 3187 677 3269 negotia
688 3185 844 3250 tractanda
856 3181 1035 3246 mandatum

69 3273 213 3357 accipiunt
229 3295 236 3338 :
252 3274 290 3338 de
305 3276 454 3358 prioribus
467 3279 585 3339 tantinn
599 3276 647 3338 hio
661 3277 790 3360 agimus.

104 3367 190 3428 5616.
212 3363 347 3428 Tandem
362 3365 410 3428 alii
425 3365 603 3448 simpliciter
619 3367 860 3439 constituuntur,
875 3361 926 3423 alii
941 3361 973 3422 ia
986 3379 1034 3424 so·

71 3448 173 3532 lidum,
188 3455 227 3516 itu
242 3462 275 3518 ut
289 3453 415 3537 quilibet
425 3455 518 3537 possit
532 3473 654 3518 causam
664 3453 806 3537 expedire
818 3470 826 3511 t
837 3449 875 3513 de
889 3469 960 3513 casu
973 3467 1035 3534 quo

71 3539 162 3620 plures
175 3544 401 3606 constituuntur
414 3551 623 3626 procuratores
632 3545 675 3607 sic
688 3542 779 3605 habet
793 3539 1035 3604 BonilaciusVlll

71 3645 130 3711 cap.
146 3633 183 3694 Si
202 3631 257 3694 duo
271 3637 310 3710 6,
325 3632 359 3694 de
370 3641 538 3715 procurat,
555 3633 632 3696 166ο
650 3651 657 3693 2
678 3631 737 3694 «Si
752 3629 813 3692 duo
828 3635 1035 3712 procuratores

72 3731 85 3775 r
106 3717 209 3798 timul,
225 3734 287 3784 non
306 3719 421 3790 adiecto
444 3719 476 3782 16
490 3717 631 3796 rotr'dom,
651 3717 950 3796 deputandarum
969 3709 1034 3772 alna
