2548 3988
189 214 249 280 stt
409 229 547 278 6616166
566 231 668 278 ronns
688 227 772 276 turus
800 227 948 276 cnoomcv.
1261 285 1262 294 ἵ

187 331 340 412 6166666·
354 330 463 394 Vicarii
478 332 633 414 generales
642 335 782 411 respectu
796 329 885 392 etiam
897 329 1160 394 oioecemnorume
1261 343 1262 388 3

187 421 228 482 ita
251 420 351 483 verilis
371 427 475 483 contra
495 420 645 502 quosdam
665 425 747 481 tenet
767 419 940 480 communis
958 419 1107 482 sententia
1123 437 1163 484 cx
1261 453 1262 466 ¹

187 527 254 591 cap.
271 511 409 586 Romano,
420 509 456 570 dc
467 508 590 591 appell„
607 510 638 570 in
653 511 696 584 6⁰,
711 513 741 570 et
754 527 821 588 cap.
837 511 868 585 2,
879 507 1047 573 demnsuet.
1064 508 1095 570 in
1109 513 1161 588 ⁶⁶3

187 602 219 659 7ο
243 599 422 676 Generales,
438 597 638 660 provinciales
652 603 683 659 61
702 598 880 678 Superiores
897 597 1008 661 locales
1029 599 1163 681 Religio·

189 705 281 763 num,
306 694 339 750 ut
361 687 496 764 Priores,
519 687 699 760 Guardiani,
717 689 858 750 Hectores
879 694 1017 768 respectu
1035 707 1164 753 suorum

190 774 377 839 subditorum
399 777 481 856 (cap.
499 775 573 839 Clau
596 776 629 836 16
654 775 817 854 Ecclesiis,
832 776 867 838 de
885 777 993 857 major.
1008 785 1039 840 et
1055 779 1161 860 clad.);
1261 785 1262 862 f

188 866 219 926 8⁰
233 865 488 947 Gongrcgatvoncs
501 864 706 946 Religionum,
721 865 854 928 Concilio
868 866 1062 946 provincialia
1075 870 1164 951 Epis·
1261 863 1262 912 l

188 971 353 1035 copornm,
369 953 503 1035 capitula
521 953 718 1035 provincialia
736 953 938 1035 quarumdam
952 957 1162 1039 Religionum,
1261 975 1262 982 ¹

188 1043 360 1124 Capitulum
387 1042 591 1117 cathedralis,
607 1041 678 1106 sede
698 1049 832 1121 vacante,
857 1049 886 1105 ot
909 1045 1003 1127 ipsius
1025 1048 1164 1113 Vioarius

189 1131 270 1212 (cap.
288 1132 362 1194 com
375 1131 461 1209 olim,
480 1131 516 1194 de
537 1131 659 1213 major,
674 1135 769 1212 etc.):
797 1131 907 1216 singuli
930 1137 1093 1218 respective
1107 1159 1164 1221 pro
1261 1145 1262 1208 1

189 1221 251 1280 suis
264 1219 409 1296 subditis3
432 1224 465 1282 11ο
487 1220 611 1301 quidam
628 1239 666 1283 ex
686 1221 856 1304 privilegio,
879 1230 970 1306 prout
989 1233 1061 1289 sunt
1075 1229 1164 1293 multi
1261 1227 1262 1272 l

189 1305 420 1386 Archidiaconi,
435 1307 712 1390 archipresbyteri,
728 1316 759 1373 et
771 1312 894 1375 Decani.
914 1315 1054 1378 -Adde
1071 1319 1164 1381 etiam

188 1397 307 1478 eosqui
330 1416 383 1479 per
404 1416 539 1460 errorem
553 1416 749 1462 communem
764 1419 835 1463 cum
855 1403 943 1464 titulo
965 1415 1161 1488 praesumpto,

188 1490 335 1565 tanquam
348 1487 525 1568 Superiores
539 1486 699 1550 habentur.
716 1489 790 1552 Vide
804 1495 1073 1572 666161694-306).

231 1577 320 1638 6376.
343 1576 533 1638 Ordinariam
550 1583 727 1658 potestatem
745 1597 888 1642 censuras
902 1582 1017 1644 serendi
1031 1603 1092 1648 non
1107 1585 1160 1650 ha-

189 1663 261 1726 bent
282 1665 422 1747 parochi,
443 1666 515 1729 cdm
538 1683 575 1728 ex
591 1667 811 1731 consuetudine
825 1668 967 1752 abrogata
985 1672 1074 1735 luerit
1087 1695 1162 1738 con-

189 1755 285 1817 cessio
306 1754 349 1817 eis
366 1755 476 1817 1661611
495 1757 564 1836 J'ure
584 1759 760 1837 communi,
782 1757 863 1820 etad
885 1759 986 1826 sorum
1007 1763 1161 1830 internum

189 1843 313 1906 reducto
323 1843 413 1908 suerit
425 1844 547 1908 illorum
559 1845 738 1926 jurisdictio.

229 1937 319 1996 6377.
342 1935 514 2016 Delegatam
524 1943 627 2000 autem
640 1935 753 1999 habent
766 1943 942 2019 potestatem
956 1961 1100 2009 censuras
1114 1947 1162 2009 in·

190 2023 304 2086 ferendi
320 2025 341 2086 ii
363 2025 475 2106 quibus
488 2044 525 2088 ea
543 2027 742 2088 committitur
755 2027 794 2090 ab
808 2029 992 2095 ordinariam
1007 2034 1158 2116 habente;

189 2114 241 2176 sed
263 2114 410 2194 ejusmodi
434 2120 562 2194 potestas
576 2121 672 2177 cessat
693 2134 747 2196 per
764 2123 894 2180 mortam
908 2129 959 2183 aut
976 2125 1161 2190 amotionem

188 2203 371 2284 delegantis,
385 2203 442 2263 nisi
461 2221 552 2266 causa
563 2205 579 2265 a
591 2203 728 2285 delegato
740 2205 803 2284 jam
816 2205 906 2270 luerit
920 2210 1054 2294 incepta,
1071 2216 1162 2279 etiam

188 2310 242 2373 per
256 2291 350 2353 solam
370 2291 544 2354 citationem
566 2294 614 2370 (ex
628 2311 694 2374 cap.
722 2293 847 2358 Gratum
861 2301 918 2374 20,
934 2299 968 2362 cle
981 2302 1062 2384 offic.
1084 2305 1161 2369 dele-

188 2381 278 2462 9cti),
296 2378 517 2462 necdelegatus
528 2386 625 2462 potest
638 2399 705 2444 eam
719 2384 802 2446 alteri
815 2383 966 2469 delegare,
983 2392 1040 2455 nisi
1054 2392 1162 2460 habeat

189 2469 349 2551 specialem
371 2470 437 2550 ejus
457 2470 722 2549 commissionem3
738 2480 773 2536 ut
792 2475 816 2536 si
840 2477 878 2539 sit
900 2478 1054 2562 delegatus
1072 2484 1161 2566 Papae

188 2573 265 2640 (cap.
281 2561 312 2635 3,
326 2557 625 2642 deofficvodetepant.
641 2565 672 2624 S.
688 2563 807 2645 Lignor.
820 2565 884 2645 (lib.
900 2573 930 2646 7,
943 2579 976 2630 n⁰
989 2573 1035 2651 9),
1050 2574 1162 2638 Stram-

188 2648 232 2710 ler
252 2649 320 2725 (Des
341 2647 442 2710 Peines
465 2647 576 2726 666166,
593 2670 621 2730 p.
640 2655 869 2734 181,182);61
888 2663 1159 2740 666161367-326).

229 2739 318 2799 6378.
340 2739 381 2800 Ut
394 2737 462 2819 quis
482 2739 576 2818 possit
589 2738 666 2802 ferre
680 2759 825 2804 censuros
838 2762 892 2808 sox
910 2747 1097 2815 conditiones
1108 2738 1164 2817 ‘re-

190 2825 352 2906 quiruntur
369 2845 376 2884 :
399 2827 430 2886 1ο
455 2825 496 2890 dt
513 2827 555 2886 sit
573 2827 632 2904 cir,
649 2828 754 2891 saltem
771 2829 809 2892 de
823 2841 969 2913 potestate
982 2839 1134 2907 ordinarit
1152 2855 1159 2896 2

187 2913 356 2994 disputatur
369 2914 451 2976 enirn
466 2932 505 2976 an
520 2917 610 2998 Papa,
626 2936 663 2979 ex
678 2918 865 3000 plenitudine
887 2931 1051 3007 potestatis,
1067 2937 1164 3014 possit

188 3004 376 3066 committere
390 3001 509 3066 mulieri
530 3003 701 3071 facultatem
721 3027 865 3074 censuras
878 3013 1014 3096 ferendi3
1037 3027 1068 3082 et
1089 3041 1153 3104 pro
1261 3037 1262 3046 ’

188 3092 316 3155 habilius
331 3099 477 3176 negatur,
494 3095 632 3177 inquitS.
650 3097 771 3181 Lignor.
786 3101 857 3181 (it,
873 3112 907 3166 n⁰
923 3108 990 3186 lt),
1007 3108 1078 3191 quia
1094 3110 1159 3176 haec
1261 3097 1262 3130 ³

189 3189 318 3264 potestas
332 3201 386 3266 per
400 3182 592 3248 traditionem
612 3187 742 3252 clavium
756 3191 898 3257 Ecclesiae
915 3195 984 3259 data
997 3198 1054 3262 fuit
1068 3203 1161 3282 Apos-

188 3271 256 3333 tolis
269 3277 418 3336 eteorum
433 3273 676 3348 successoribus,
693 3277 725 3338 in
742 3279 854 3361 quibus
869 3283 952 3346 nullo
966 3287 1058 3351 modo
1070 3307 1160 3352 corn-

188 3359 333 3442 prehendi
349 3369 474 3443 possunt
487 3363 639 3427 mulieres.
656 3367 753 3447 Ergo,
779 3375 837 3433 616.
852 3407 894 3418 -
911 3373 943 3436 61
957 3393 1029 3459 ergo
1043 3378 1075 3440 in
1091 3380 1161 3459 juro

191 3455 267 3530 (cap.
285 3449 404 3512 Dilecto
418 3455 474 3522 12,
492 3451 526 3514 de
536 3453 670 3534 mojorit.
686 3464 716 3516 et
731 3457 887 3531 obedient.)
901 3463 1066 3530 Abbott'ssoe
1080 3487 1162 3552 6661-

189 3537 258 3597 dam
276 3537 417 3602 dicontur
431 3559 518 3622 posse
540 3543 689 3622 subjectos
709 3546 765 3608 sibi
779 3549 904 3612 clericos
923 3556 1108 3636 suspendere
1121 3558 1161 3622 ab

190 3623 290 3688 ol'licio
307 3629 352 3688 vel
367 3630 526 3709 bonolicio,
537 3633 694 3712 suspensio
703 3633 769 3698 haee
783 3655 845 3700 non
856 3637 984 3706 habetur
992 3647 1114 3730 proprio
1128 3654 1161 3730 ut
1261 3659 1262 3732 ξ
