2504 3990
402 304 489 350 erues
508 303 644 350 rnnrrus.
746 263 751 272 ⁵
982 281 1040 343 393

69 426 125 488 pro
138 414 282 489 temporo
297 405 467 482 interdicti,
484 404 590 466 locuni
600 419 663 464 non
676 400 772 463 nabet
782 406 923 480 ternpore
938 416 1037 461 cesse·

71 497 194 560 tionist
220 497 355 559 divinis:
383 493 520 558 cessatio
548 497 658 555 tumen
684 487 835 573 suspendi
857 493 963 572 potest
984 505 1040 570 per
1108 519 1115 528 ·

70 585 190 666 sliquos
211 586 280 648 dies
294 586 460 648 solemnes,

105 671 419 761 otro.‚1>teriqueatii
435 669 560 736 effectus
573 670 722 735 interdicti
742 668 846 734 locutis
858 685 1040 734 communes

67 769 137 824 sunt
155 761 314 824 cesentioni
334 760 352 822 ἀ
373 760 499 834 dioim'o:
523 767 711 824 sacramento
735 777 879 824 concessu
901 764 1038 840 tompore

67 850 236 930 interdicti,
272 849 483 914 conceduntur
508 851 621 932 puriter
658 855 795 934 tempore
818 847 993 912 cessationis
1022 850 1039 912 d

67 938 187 1002 divinis.

109 1027 197 1090 doti.
220 1029 296 1091 Cirnu
312 1033 414 1091 sutem
427 1025 600 1106 huiusmodi
616 1027 742 1092 cessatio
756 1043 818 1088 non
842 1025 879 1088 sit
892 1043 1036 1096 censura,

70 1135 127 1179 neo
149 1135 239 1199 pruno
265 1117 386 1200 proprio
413 1115 690 1199 dicta2quiilla1n
716 1115 806 1178 violat
832 1132 894 1178 non
917 1115 1041 1178 incurrit

70 1203 1042 1288 poenuscontrariolatoresoeusurarumstatutos,etsiillamviolot
1160 1221 1164 1232 ·

71 1313 125 1377 por
146 1295 321 1358 exercitium
336 1293 462 1372 alicujus
486 1293 601 1357 ordinis
626 1297 721 1372 socri,
741 1292 1040 1374 inirreguinritntem

71 1403 133 1552 huogi
146 1382 353 1551 incidimde
367 1383 512 1447 Strenrisr
525 1383 590 1463 (id,
607 1403 638 1468 p.
654 1387 712 1447 365
727 1389 758 1446 et
771 1385 855 1466 366);
872 1383 903 1446 S.
918 1382 1040 1465 niguoc

126 1519 134 1536 .
178 1520 185 1551 ,
323 1519 330 1535 .

111 1671 149 1731 Et
158 1667 208 1730 hic
219 1667 257 1732 sit
271 1668 393 1731 tandem
408 1667 478 1733 dnis
491 1669 583 1732 totius
597 1669 689 1732 nostri
702 1671 851 1734 Munuulis
862 1671 939 1751 iuris
952 1691 1042 1740 cono·

72 1758 142 1822 nici.
166 1757 288 1824 Utinam
311 1757 399 1822 oedut
419 1757 450 1819 in
475 1758 638 1820 maximnm
662 1759 716 1820 Dei
737 1759 879 1841 gloriam,
902 1761 1043 1828 ecclesio

71 1848 219 1911 honorem
237 1852 266 1909 et
284 1847 442 1910 utilitatem
457 1846 465 1910 t
481 1847 538 1908 Hic
560 1846 616 1908 fuit
635 1864 745 1928 scopus
763 1849 856 1910 nostri
872 1848 998 1930 laboris,
1012 1857 1042 1916 et

6 2013 11 2024 .
58 1937 97 2002 ,si
108 1935 278 2000 obtineatur
290 1982 299 2016 ‚
311 1935 382 1999 sutis
395 1953 451 2000 nos
466 1941 674 2000 remuneratos
688 1936 903 2020 reputabimus.
