2526 3988
497 235 582 296 arnan
603 236 732 284 manus.
1054 223 1091 285 lit

115 334 471 416 Ephesinolmnnoldl,
487 352 557 416 erga
567 337 752 412 Nestorium;
762 334 1010 413 chalcedonensi,
1022 356 1093 401 con·

116 429 162 484 tra
176 423 376 499 Dioscorum;
392 422 721 505 Constantinopolitano
740 426 755 486 a
771 425 912 488 Flauiano
924 427 1094 489 coadunato

117 521 223 577 cantra
232 511 406 589 Eutichem,
420 515 452 573 et
462 511 527 574 aliis
536 513 742 590 oecumenicis,
757 515 892 578 utuideri
903 521 1001 598 potest
1012 517 1094 598 apud

117 603 155 664 D.
170 601 269 663 Bouin
281 598 348 678 (ia,
361 619 392 682 p.
406 599 529 682 aarum
544 602 647 664 Devoti
654 601 717 682 (lib.
727 606 757 682 3,
767 603 812 666 tit.
825 607 854 681 l,
864 605 883 686 5
894 609 942 683 la,
955 605 988 666 iu
1001 605 1093 686 ποτά).

159 689 270 773 Agnita
282 689 341 753 luit
348 689 387 751 ab
399 690 633 774 imperatoribus
646 691 842 756 Gousmntino
855 696 965 776 Magno
975 695 1092 774 (Bouix,

119 779 175 857 ila,
191 799 222 862 p.
234 781 323 858 dolet
332 776 501 842 iustiniano
513 781 565 862 qui
580 779 677 844 aiebat
690 780 721 843 in
730 783 852 846 Novella
865 787 904 847 82
916 803 924 845 τ
938 783 994 846 asi
1006 783 1096 847 delic-

118 891 134 928 υ
158 875 227 931 tam
246 867 286 930 sit
302 867 536 932 ecclesiasticum
555 874 586 932 et
600 868 734 952 indigeat
751 872 937 935 correctione
956 879 987 934 et
1006 876 1096 955 plant

123 981 135 1018 >
160 957 381 1035 ecclesiastica,
403 959 466 1020 Deo
486 959 625 1022 amabilis
646 959 812 1042 Episcopus
832 959 870 1023 de
889 960 948 1024 hoc
963 961 1094 1042 judicet,

118 1071 135 1107 n
160 1047 245 1110 nulla
260 1047 336 1110 lectt
354 1048 629 1112 communicatione
648 1067 721 1112 cum
740 1049 916 1112 clarissimis
936 1051 1097 1132 provinciae

119 1161 134 1198 a
157 1137 331 1217 judicibus:
348 1155 409 1199 non
424 1137 505 1200 anim
519 1138 658 1202 volumus
671 1139 772 1202 civiles
781 1139 973 1222 magistratus
987 1139 1025 1203 de
1035 1142 1098 1204 tali·

119 1250 135 1288 a
162 1227 220 1289 bus
234 1226 362 1308 negotiis
379 1226 442 1290 ulla
458 1227 549 1290 modo
563 1245 765 1310 cognoscere;
781 1247 816 1292 ca
835 1229 917 1294 enim
937 1230 1096 1294 ecclesias-

119 1340 136 1378 »
160 1317 221 1378 tice
240 1315 429 1378 discutienda
450 1323 542 1394 sunt,
561 1323 591 1380 et
610 1317 852 1400 delinquentium
872 1318 982 1382 animae
996 1337 1096 1383 emen·

120 1430 136 1467 a
161 1405 227 1468 dari
251 1404 363 1467 debent
383 1422 438 1487 per
460 1423 565 1487 poenas
587 1406 818 1486 ecclesiasticas,
840 1407 925 1488 juxta
944 1427 1046 1472 sacros
1066 1417 1097 1474 et

120 1519 137 1558 u
162 1495 280 1558 diuinos
301 1512 458 1572 mnones,
481 1514 559 1577 quos
580 1503 689 1558 nostroe
711 1497 802 1558 etiam
820 1495 902 1578 leges
922 1500 1006 1580 sequi
1034 1518 1096 1562 non

119 1609 137 1646 a
162 1585 402 1666 dedignantur.»
420 1584 592 1648 Omittimus
609 1585 695 1667 plara
708 1585 765 1646 alia
784 1585 966 1648 documenta
981 1589 1095 1668 quaein

122 1675 331 1758 probationem
341 1670 439 1734 afferri
451 1681 583 1756 possent.
592 1677 672 1754 Ergo
683 1675 814 1737 multum
824 1685 894 1738 ante
904 1676 1049 1740 saeculum
1057 1679 1094 1738 lll

122 1763 259 1826 exstabat
272 1763 304 1824 in
317 1761 452 1825 Ecclesia
465 1761 563 1825 lorum
578 1771 746 1826 externum.

164 1855 254 1915 5498.
276 1853 424 1915 Probatur
437 1855 470 1915 3⁰
493 1851 586 1914 uam'is
599 1852 828 1934 definitionibus.
844 1856 879 1916 ln
894 1855 996 1918 Consl.
1013 1855 1097 1916 Licet

121 1941 212 2020 jacea
239 1940 422 2020 doctrinam,
449 1959 583 2004 errorem
611 1942 743 2023 Marsylii
773 1943 906 2005 Patavini
930 1943 1097 2024 profligavit

126 2033 257 2093 loannes
270 2032 351 2092 XXII
364 2029 560 2112 sequentibus
573 2030 670 2094 verbis
687 2049 695 2090 :
715 2031 793 2092 olsti
808 2021 974 2112 blasphemi
992 2032 1096 2094 dicunt

125 2141 142 2178 a
163 2119 246 2201 quod
255 2126 317 2182 tota
326 2119 460 2182 Ecclesia
472 2118 563 2181 simul
574 2119 678 2198 juncta
692 2119 810 2182 nullum
820 2118 975 2181 hominem
989 2122 1096 2201 punire

123 2230 138 2268 a
163 2217 261 2290 potest
273 2209 431 2291 punitione
443 2209 589 2286 coactiva,
604 2209 661 2270 nisi
674 2207 820 2271 concedat
833 2207 893 2272 hoc
905 2211 1071 2291 Imperator
1086 2231 1093 2274 :

122 2320 138 2355 a
163 2299 246 2380 quod
257 2300 362 2380 utique
370 2298 516 2362 docuinae
524 2297 677 2361 catholicae
687 2298 819 2361 noscitur
830 2298 963 2366 obviare,
974 2300 1096 2364 Constat

122 2409 138 2444 a
162 2388 247 2454 enim
260 2387 374 2470 quddl
393 2387 524 2466 Christo,
540 2389 629 2450 Petro
646 2394 676 2448 et
689 2387 721 2450 in
735 2389 865 2469 persona
876 2388 957 2451 Petri
971 2435 980 2467 ,
996 2389 1096 2453 Eccle

122 2477 216 2539 asia
243 2484 374 2558 potestas
400 2478 555 2553 coactiva,
585 2476 632 2540 val
657 2476 762 2538 salum
786 2477 934 2558 permissa
961 2479 1058 2540 extitit
1086 2499 1093 2540 :

14 2561 18 2572 '
122 2587 138 2623 a
164 2565 366 2646 Quodcumque
395 2565 562 2647 licaveritia
587 2584 674 2646 super
701 2573 833 2642 terrem,
861 2573 919 2628 etc.
949 2567 1095 2647 ligantur

122 2676 138 2712 a
164 2657 263 2731 enim,
285 2673 347 2718 non
361 2653 461 2718 solum
481 2653 656 2730 voluntarii,
670 2652 724 2741 sed
742 2653 869 2716 inviti.»
892 2653 976 2717 ldem
990 2656 1096 2737 probat

124 2742 262 2804 Pontifex
276 2743 378 2806 multis
395 2743 460 2806 aliis
476 2744 655 2821 momentis,
677 2749 708 2806 et
720 2742 763 2806 sic
776 2742 899 2806 tandem
916 2745 1094 2809 concludit:

128 2855 145 2892 a
164 2833 219 2894 Dei
235 2833 371 2894 invocato
384 2833 524 2910 nomine,
540 2831 681 2896 articulos
694 2831 870 2916 praedictos,
893 2833 1029 2897 videlicet
1032 2881 1091 2899 .....

124 2943 140 2980 o
164 2919 243 3004 quud
254 2919 335 3004 Papa
352 2921 397 2985 uel
411 2929 472 2984 tota
485 2921 624 2986 Ecclesia
636 2921 728 2984 aimul
739 2930 856 3004 sumpta
870 2921 984 2984 nullum
997 2923 1093 2985 domi-

125 3033 141 3069 υ
163 3030 230 3073 nem
242 3020 503 3094 quantumcumque
522 3011 698 3074 sectantum
713 3019 812 3094 potest
822 3013 931 3094 punire
941 3013 1096 3095 punitione

126 3122 142 3158 a
165 3100 293 3162 coactiva
310 3147 318 3177 ,
338 3100 398 3162 aiei
414 3101 584 3183 Imperator
600 3099 685 3162 daret
702 3100 744 3162 eia
760 3101 966 3164 auctoritatem
982 3103 1094 3165 :veluti

127 3211 142 3246 a
166 3191 265 3252 Sacrae
280 3189 440 3272 Scriptura
452 3190 638 3268 contrarios,
653 3197 682 3252 et
696 3188 765 3251 fidei
779 3191 931 3254 catholicae
945 3189 1094 3270 inimicos,

128 3299 144 3336 a
165 3278 322 3342 haereticos
335 3296 389 3342 seu
406 3279 589 3342 haereticales
604 3287 634 3340 et
653 3297 815 3356 erroneos;
836 3297 955 3342 necnon
975 3284 1005 3340 ct
1018 3298 1094 3361 prae·

130 3389 144 3427 a
166 3367 261 3430 dictos
274 3369 450 3450 Massyliam
467 3375 496 3432 et
509 3371 657 3433 loannem
671 3368 847 3446 haereticae,
866 3367 927 3429 imo
941 3365 1094 3433 hieresiar-

128 3478 144 3515 ι
168 3456 239 3519 chas
261 3455 324 3519 lore
344 3457 560 3520 manifestosat
576 3459 715 3521 notorias
734 3455 950 3519 sententialiter
967 3456 1096 3521 declara·

130 3567 145 3604 ι
167 3563 275 3609 mus.»

168 3636 261 3698 lidam
274 3653 393 3698 errores
413 3637 559 3714 profligan
574 3645 681 3698 sunta
708 3637 816 3698 Bened.
839 3641 904 3699 xlv
928 3658 982 3716 per
1007 3641 1096 3698 Breve
