2526 3988
468 251 551 296 uraca
572 251 702 297 carmus.
1044 247 1063 308 9

137 359 247 421 Contra
261 355 330 418 illos
353 371 461 416 omnes
475 353 649 414 stabilienda
672 359 717 416 est
735 355 898 437 propositio
916 374 1071 438 sequens:

97 494 188 556 5494.
204 488 386 572 Propositio.
402 489 508 548 -llst
528 488 560 548 in
574 485 708 548 Ecclesia
732 484 831 550 lorum
854 493 1012 550 externum
1035 487 1072 549 ad

138 577 340 643 exercendam
355 575 475 659 proprie
488 574 598 638 dictam
611 573 799 652 judiciariam
815 583 1003 658 potestatem.

139 714 227 788 Ouod
241 719 288 776 est
299 712 350 776 hic
361 710 553 794 probandum
571 729 633 773 non
656 715 701 774 est
725 713 839 774 tantbm
854 717 985 793 potestas
999 731 1072 774 con-

98 802 191 866 dendi
203 801 396 864 definitiones
409 798 499 880 fidei,
521 799 568 862 vel
581 799 663 882 leges
685 799 852 881 disciplina
875 819 945 882 quae
967 821 1073 865 omnes

98 891 255 973 obligent,
270 897 322 953 aut
335 888 450 952 terendi
465 907 606 952 censuras
627 888 714 951 bonis
733 889 915 970 quibusdam
939 890 1071 971 spiritua·

98 981 180 1044 libus
189 981 354 1062 privanteS,
371 986 421 1042 aut
429 977 587 1058 judiciaria
605 985 736 1059 potestas
755 977 787 1038 in
801 976 866 1039 loro
890 979 1073 1042 Poenitentiae

98 1089 172 1152 erga
183 1088 253 1132 reos
266 1069 319 1150 qui
334 1069 441 1149 sponte
457 1074 627 1148 peccatores
637 1085 669 1128 se
681 1085 746 1128 esse
764 1065 946 1128 confitentur
957 1067 1017 1129 siva
1031 1087 1075 1130 sa-

98 1161 184 1222 cretd
204 1159 267 1220 sive
288 1157 425 1240 publicb3
445 1156 511 1220 hac
533 1156 636 1218 omnia
652 1155 721 1217 alibi
742 1153 1006 1242 demonstrantur;
1022 1158 1073 1220 sed

100 1249 231 1330 probare
240 1247 425 1309 intendimus
436 1243 576 1308 Ecclesiae
590 1245 688 1306 inesse
698 1245 748 1324 ius
758 1244 885 1306 habendi
903 1246 1072 1325 tribunalia,

100 1341 132 1398 in
156 1337 270 1418 quibus
286 1335 403 1416 Judices
421 1335 460 1396 ab
480 1337 515 1396 et
537 1334 689 1396 constituti
711 1333 750 1395 ita
769 1333 887 1396 valeant
903 1336 953 1414 jus
975 1335 1074 1398 dicere

101 1427 181 1488 circa
195 1431 293 1488 certas
306 1442 413 1486 causas
426 1423 651 1499 ecclesiasticas,
668 1427 703 1485 ut
713 1424 772 1484 reis
786 1439 887 1485 coram
902 1424 1073 1504 hujusmodi

74 1577 77 1580 .
99 1515 254 1593 judicibus
268 1511 423 1576 conventis
436 1513 562 1574 liberum
578 1530 639 1572 non
654 1511 690 1573 sit
704 1529 766 1574 non
777 1531 962 1593 comparere.
975 1515 1027 1576 sed
1043 1517 1073 1577 in

102 1601 286 1664 conscientit
299 1600 338 1662 ad
351 1600 383 1662 id
396 1605 573 1676 teneantur,
589 1609 616 1662 et
629 1605 772 1682 potestate
783 1599 908 1680 Judicis,
930 1611 992 1664 tam
1006 1623 1075 1666 cen-

103 1691 181 1752 suris
206 1692 300 1771 qoem
322 1689 421 1771 pranis
441 1691 531 1751 etiam
554 1689 788 1770 temporalibus,
808 1689 876 1769 cogi
899 1691 1012 1772 possint
1036 1693 1073 1754 ad

103 1778 342 1860 comparendum
350 1785 380 1840 et
391 1778 428 1839 ad
437 1777 625 1840 subeundam
635 1797 670 1840 ac
678 1777 887 1858 exequendam
895 1782 1074 1844 smtentiam

103 1875 209 1930 contra
224 1869 305 1948 ipsos
318 1867 420 1930 latam.

143 1960 233 2018 5t95.
258 1955 379 2018 Certum
393 1961 438 2018 est
450 1955 528 2018 hanc
540 1960 774 2037 propositionem
789 1975 854 2019 esse
865 1957 903 2019 de
923 1957 982 2020 tide.
994 1961 1018 2021 si
1031 1959 1075 2021 in·

106 2043 256 2126 tebigatur
275 2043 314 2105 de
335 2043 535 2108 tribunalibus
560 2045 591 2105 in
614 2045 723 2124 quibus
743 2045 859 2124 judices
883 2046 1074 2111 ecclesiastici

108 2133 220 2213 possint
243 2132 342 2214 poenis
362 2133 566 2214 spiritualibus
591 2151 699 2215 cogere
722 2153 789 2194 reos
812 2141 846 2195 ut
865 2145 1073 2216 compareant,

106 2221 347 2302 sententiamque
361 2221 487 2283 subeant
502 2229 532 2282 et
549 2227 746 2302 exequantur.
767 2221 799 2284 ld
813 2222 949 2303 agnitum
969 2222 1025 2287 suit
1037 2226 1075 2288 ab

104 2309 233 2389 ipsamet
245 2310 444 2372 Universitate
460 2309 619 2372 Parisiensi
640 2314 677 2372 l5
698 2310 836 2374 decemb.
859 2316 934 2374 1617
950 2312 981 2373 in
994 2313 1075 2374 dam-

104 2398 228 2460 natione
242 2397 639 2478 cujusdamllarci-antonii
649 2399 687 2461 de
697 2401 833 2462 bominis
842 2403 1072 2482 propositionis:

107 2507 124 2544 a
145 2487 218 2548 llaec
231 2487 411 2568 propositio,
427 2487 587 2568 inquiunt,
603 2492 663 2569 qut
683 2497 766 2570 parte
780 2509 882 2552 veram
898 2491 1075 2568 iurisdictio

103 2597 119 2634 a
145 2593 236 2648 nem,
252 2575 281 2638 id
306 2584 351 2637 est
364 2576 424 2638 vim
447 2577 611 2638 coactivam
633 2583 664 2638 et
686 2578 903 2656 subjectionem
922 2587 1074 2643 externam

103 2685 120 2721 a
145 2663 1075 2746 Ecclesiaedenegat,estlccreticcettotiusordinishierarcbici

103 2773 120 2811 ι
147 2753 363 2833 perturbativa.
379 2753 484 2832 allide
497 2753 605 2824 Bouix,
621 2753 666 2816 De
681 2753 820 2834 ludiosis,
835 2759 951 2834 tamt,
967 2777 997 2839 p.
1012 2764 1075 2840 44.)
1094 2836 1097 2841 .

103 2843 212 2907 -lmb
226 2859 294 2903 eam
317 2859 383 2904 esse
407 2843 445 2906 dc
468 2842 546 2918 tide,
571 2843 660 2904 ctiam
679 2843 860 2907 intellectam
877 2845 915 2908 de
933 2855 1076 2928 potestate

104 2931 206 3012 poenis
224 2930 315 2992 etiam
338 2931 552 3014 temporalibus
577 2949 645 2993 reos
669 2933 706 2994 ad
727 2933 848 3014 prelata
865 2936 1010 3016 cogendi,
1032 2956 1076 3000 as

105 3019 178 3080 serit
204 3020 337 3095 Suarez,
358 3026 444 3084 tract.
468 3019 502 3082 de
522 3019 596 3082 Fide
618 3021 708 3103 (disp.
732 3026 790 3098 99,
814 3031 886 3086 sect.
902 3027 941 3100 3,
958 3034 990 3087 n⁰
1006 3031 1075 3107 10),

106 3105 158 3168 ubi
172 3106 247 3168 dicit
262 3126 269 3168 :
289 3109 458 3171 «Ecclesiae
475 3125 536 3170 non
549 3112 667 3172 tantum
681 3117 726 3172 est
747 3110 816 3174 data
833 3120 963 3195 potestas
976 3114 1013 3176 ad
1028 3135 1076 3177 co·

107 3215 123 3253 a
147 3195 463 3260 ercendoshaereticos
475 3215 530 3280 per
542 3198 710 3280 spirituales
724 3218 844 3280 poenas,
856 3204 908 3264 sed
922 3205 1012 3264 etiam
1023 3225 1076 3285 per

107 3303 124 3342 a
148 3284 322 3365 temporales
329 3294 359 3346 et
371 3285 543 3367 corporales.
554 3286 627 3349 Hoee
635 3290 756 3350 assertio
769 3291 858 3352 etium
874 3301 916 3353 est
929 3291 964 3354 de
976 3292 1073 3374 fide.»

112 3373 269 3450 Attamen,
286 3373 362 3436 intra
376 3383 409 3435 n⁰
425 3379 478 3453 19,
500 3377 678 3438 sententiam
701 3396 808 3442 eorum
830 3379 882 3460 qui
903 3379 1008 3444 dicunt
1028 3403 1073 3465 po

84 3537 87 3542 1
107 3465 246 3522 testatem
259 3462 404 3542 puniendi
419 3463 574 3527 haereticas
590 3466 687 3546 poenis
706 3467 922 3548 temporalibus
937 3489 997 3534 non
1012 3492 1077 3537 csso

56 3545 58 3548 ’
110 3549 252 3612 Ecclesia
266 3551 419 3630 innatam,
441 3551 493 3616 sed
515 3555 616 3616 venire
636 3558 654 3616 9
676 3557 870 3619 concessione
884 3560 1076 3642 principum,

111 3646 213 3700 ‹ansel
226 3637 326 3700 solbm
343 3661 358 3700 o
371 3659 546 3718 erroneam,
563 3649 592 3702 et
602 3643 775 3704 defensores
788 3647 853 3720 eius
866 3647 903 3707 ad
918 3649 1077 3786 rpjnimum
