2462 3984
437 273 522 320 monn
542 271 673 320 nonnus.
1002 253 1041 315 ‘it

108 373 139 431 t·
154 371 288 448 (inolitos
300 389 366 453 quoe
378 369 560 433 naturaiiter
580 371 655 432 inest
673 367 805 448 homini,
819 385 932 450 eenuper
947 365 1041 435 adesse

71 461 272 541 presumitur,
288 461 376 524 donee
389 461 570 524 eontrarium
585 458 747 543 probetur,
762 477 790 520 v.
812 477 856 538 g.‚
871 454 952 538 quod
972 455 1040 536 quis

71 549 104 610 sit
122 553 167 612 sui
181 567 330 633 compos,
345 550 390 614 vel
404 549 487 633 quod
498 549 625 613 clericus
645 549 683 612 sit
698 553 785 630 aptus
801 546 838 608 ed
859 543 1038 608 beneficium

71 639 137 700 nihii
150 639 422 704 extraordinarium
443 639 620 722 requirens;
640 638 665 701 si
684 643 786 701 autem
806 635 927 718 aliquod
941 641 1038 698 extra-

70 727 248 792 ordinarium
262 730 430 813 requireret
450 727 632 792 beneficium
645 774 654 807 ,
668 745 698 791 v.
716 745 747 808 g.
762 725 844 808 quod
862 725 900 786 sit
912 723 1037 804 doctor,

68 813 126 881 haeo
138 817 265 900 qualitas
280 823 361 882 esset
371 817 537 901 probanda.

102 910 131 968 5·
143 908 240 971 Foeta
254 907 293 971 de
305 907 411 991 quibus
425 907 562 986 dubium,
578 926 617 970 eo:
630 924 686 990 quo
702 903 801 967 animo
818 903 900 986 [uoto
913 903 992 984 rint,
1005 911 1036 966 io

67 995 205 1060 moliorem
222 1007 346 1081 portem
368 995 565 1080 interpretari
588 993 720 1058 &bemus
740 994 823 1075 (Gap.
844 997 884 1072 2,
903 994 949 1056 tit.
973 1000 1036 1074 rt,

65 1082 111 1146 lib.
138 1089 156 1147 5
184 1087 360 1168 Demetai).
389 1087 463 1149 Item
484 1085 515 1148 in
536 1083 630 1148 dubio
650 1083 689 1147 do
713 1083 814 1147 valore
833 1083 1036 1163 matrimonii,
1079 1124 1087 1138 ·

66 1191 115 1253 pro
128 1173 220 1258 ipsius
230 1176 335 1239 valore
346 1175 486 1240 standum
494 1181 555 1254 est,
567 1174 591 1236 si
606 1173 791 1238 eontrarium
804 1191 865 1236 non
881 1174 1034 1255 probetur.

65 1263 131 1326 ltem
152 1265 315 1348 quaefacta
333 1265 477 1330 dicuntur
497 1266 577 1329 reete
597 1263 674 1328 faeta
687 1263 829 1347 praesumi
849 1263 960 1328 debent
979 1265 1035 1328 nisi

66 1355 243 1418 eontrarium
259 1355 416 1439 probetur.

100 1447 129 1506 6·
143 1442 278 1519 Quilibet
282 1445 480 1529 promitur
493 1445 596 1524 bonne,
611 1445 672 1507 nisi
682 1444 825 1528 probetur
836 1443 949 1516 molus,-
964 1453 1035 1510 sunt

67 1536 158 1596 temen
180 1535 376 1618 exceptiones
390 1535 421 1598 in
439 1554 512 1599 oasu
526 1555 587 1618 quo
601 1533 797 1618 praesumptio
815 1526 955 1596 bonitatis
968 1553 1033 1598 ver-

67 1623 179 1700 geretin
188 1623 403 1708 praejudicium
414 1624 584 1688 tertiivide
593 1624 674 1708 apud
683 1625 721 1686 D.
734 1623 827 1686 Bouix
839 1622 907 1706 tib„
922 1643 951 1706 p.
964 1626 1035 1690 eto

478 1871 558 1937 mr.
584 1869 615 1935 V.

406 2023 444 2070 DE
462 2021 680 2069 tonmunntttm.

103 2165 182 2228 otte.
206 2165 347 2230 «Omnis
360 2165 570 2229 controversiae
594 2163 663 2227 finis
680 2187 711 2243 n,
736 2164 777 2228 ait
799 2165 831 2230 S.
847 2165 959 2229 rautue
978 2167 1032 2244 (ati

68 2249 195 2330 Hebr.,e.
211 2257 244 2336 6,
260 2273 290 2318 v.
306 2254 365 2336 to),
380 2275 395 2313 n
409 2253 446 2317 od
460 2254 722 2318 oontirmationom
735 2262 780 2318 est
788 2256 1028 2335 juramentum.»

67 2337 180 2404 Lioitum
195 2351 240 2408 est
256 2362 332 2425 ergo
345 2343 507 2426 aliquando
526 2343 668 2408 adhibere
679 2347 907 2424 juramentum,
923 2351 953 2407 et
966 2363 1031 2409 mo·

66 2427 116 2489 rito
132 2430 283 2496 damnatae
296 2431 381 2496 tuere
401 2439 561 2515 sequentes
580 2434 823 2516 propositiones:
839 2451 950 2514 nempe
968 2434 1033 2499 haeo

67 2516 174 2582 Wieleii
194 2525 211 2584 t
235 2521 351 2586 Conoii.
377 2523 478 2585 Const.
501 2525 584 2601 (sess.
605 2527 636 2600 8,
659 2529 713 2584 art.
730 2525 780 2600 to)
798 2540 806 2584 :
827 2524 1032 2587 «iuramenta

66 2626 79 2661 r
100 2607 193 2674 illicita
202 2617 276 2674 sunt
288 2629 358 2694 quae
367 2611 445 2675 fiunt
452 2611 491 2674 ed
504 2609 691 2674 roborandos
702 2611 852 2673 humanos
861 2617 1032 2676 contractus

67 2703 321 2764 »eteommeren
340 2700 444 2763 civilia.
468 2721 484 2759 u
505 2701 543 2761 m
563 2699 726 2782 propositio
748 2702 801 2763 tot
824 2699 984 2772 Quesneliii
1000 2703 1031 2766 in

68 2782 178 2852 Constit.
199 2789 396 2872 Unipmitus:
412 2789 514 2852 «Nihil
530 2789 647 2871 spiritui
662 2787 733 2866 Dei,
749 2795 779 2851 et
792 2789 936 2853 doetrinae
949 2793 966 2855 J
971 2793 1028 2856 .-C.

67 2893 79 2929 e
100 2879 191 2960 magis
201 2878 314 2962 opponi
333 2878 510 2956 arbitretur,
529 2881 621 2961 qu'am
641 2879 816 2942 eommunia
834 2878 931 2943 iecere
947 2881 1026 2962 jura-

68 2983 80 3019 t
101 2974 197 3032 mente
211 2971 243 3032 in
258 2969 410 3048 loculento,
424 2967 494 3051 quia
508 2967 566 3032 hoo
578 2974 624 3031 est
643 2969 842 3051 multiplicare
857 2971 1032 3035 oooasiones

68 3073 80 3110 t
100 3057 248 3137 peierandi
261 3105 270 3140 ,
285 3058 410 3142 loqueos
426 3057 551 3122 tendere
568 3055 697 3122 infirmis
710 3065 741 3122 et
754 3058 853 3121 idiotis
870 3065 901 3122 et
913 3059 1032 3123 efficere

69 3162 81 3200 a
102 3151 132 3206 ut
143 3166 255 3214 nomen
270 3153 301 3214 et
317 3148 425 3211 veritae
445 3147 500 3210 Dei
519 3147 680 3230 aliquando
697 3148 845 3212 deserviet
858 3149 890 3210 in
904 3149 1032 3211 coneilio

69 3233 272 3318 »impiorum
293 3259 310 3298 u
332 3239 405 3301 Haeo
423 3236 492 3300 ideo
515 3237 704 3310 Ouesnessius
724 3237 847 3320 protulit
869 3243 902 3298 ut
915 3237 1031 3318 vitupe-

70 3331 138 3386 raret
153 3325 312 3392 formulam
324 3327 488 3409 juramenti
508 3326 546 3390 ab
568 3327 738 3390 Alexandro
749 3329 800 3388 v11
819 3325 983 3408 prescripti
999 3332 1032 3390 ut

70 3407 263 3482 Jonseniemus
276 3416 474 3498 abjuraretur.
492 3416 567 3480 Vide
579 3417 682 3480 Devoti
695 3419 781 3496 (tom.
796 3419 825 3484 4,
842 3413 888 3476 tit.
905 3419 953 3494 m,
967 3415 986 3498 ξ
1000 3421 1027 3486 t.

72 3507 122 3562 not.
138 3508 174 3586 t).

105 3595 187 3658 otro.
202 3601 414 3662 iuramentum
435 3603 481 3660 est
499 3595 643 3660 invocatio
659 3592 717 3658 oet
729 3593 762 3655 in
783 3592 978 3656 testimonium
997 3593 1032 3657 de

75 3681 184 3748 unitate
195 3686 238 3749 rei
249 3705 316 3772 que
329 3687 484 3750 armetur.
