2452 3984
171 227 227 292 080
387 245 523 293 sinuntur
545 245 646 294 sonus
667 245 747 292 lunis
769 245 922 293 nonomen·

164 363 179 402 c
205 341 310 422 (enim)
327 343 444 404 notoria
459 342 685 424 dicunturque
698 361 761 404 non
780 348 893 405 sunt.»
918 343 1002 426 (Cep.
1026 345 1138 414 Concu.

165 430 261 507 luisti,
276 429 311 492 de
324 430 479 514 appellat.)

204 519 363 592 Quomodo
376 525 478 584 eutem
492 538 580 602 agere
602 521 710 584 debeat
727 520 817 600 judex
838 522 871 584 in
889 541 962 586 cusu
983 523 1137 606 flagrantis

163 608 282 688 delicti,
298 607 366 673 vide
380 610 562 691 explicatum
583 609 880 694 tSchmclzgrueber
892 611 973 694 apud
986 613 1024 676 D.
1040 615 1137 680 Bouix

163 697 228 777 tib„
241 718 273 781 p.
289 700 345 763 300
362 703 392 762 et
404 699 486 780 302).
1058 704 1065 708 ’

580 877 661 940 nnn
685 877 720 941 ll.

472 1024 509 1072 on
528 1021 641 1069 tuniolo
662 1019 825 1068 suentem.

202 1175 292 1235 0000.
315 1165 454 1231 iudicare
478 1161 654 1237 summarie,
678 1177 715 1222 ex
726 1161 794 1239 jure
808 1160 972 1241 canonico,
993 1161 1074 1228 idem
1088 1173 1136 1230 est

160 1281 196 1324 ee
206 1255 359 1344 procedere
369 1251 548 1334 sirnple'citer
558 1249 627 1312 etde
632 1248 736 1331 plano,
748 1267 783 1311 cc
790 1245 853 1310 cine
861 1250 987 1332 strepitu
996 1259 1025 1313 et
1033 1252 1135 1334 ficurd

170 1349 279 1412 'oderit

156 1372 173 1434 J
202 1438 296 1500 Porro
310 1431 473 1516 procedere
490 1427 552 1490 cine
573 1429 699 1510 strepitu
717 1434 746 1490 et
765 1427 865 1510 fiqcrd
875 1425 991 1510 judicii
1011 1437 1136 1496 nonest

162 1528 299 1592 omittere
314 1540 421 1586 omnes
434 1517 577 1583 ordinarii
589 1517 693 1597 judicii
711 1516 934 1595 solemnitates,
950 1516 1004 1582 sed
1018 1519 1135 1603 sliquos

161 1618 291 1694 tentum,
307 1617 342 1676 ut
354 1615 470 1674 constat
482 1626 518 1670 ex
532 1607 626 1670 Glem.
642 1607 739 1688 Sepe,
754 1604 788 1667 de
801 1602 879 1668 verb.
895 1606 1059 1688 significat.

200 1704 356 1770 ludicium
382 1705 484 1763 autem
510 1695 709 1759 summarium
734 1693 900 1756 delinitur:
917 1693 996 1756 illud
1022 1699 1054 1758 in
1077 1717 1134 1779 circ

161 1795 261 1860 omitti
278 1798 410 1877 possunt,
425 1786 502 1851 etde
519 1786 598 1868 sueto
617 1785 806 1863 occiduntur,
821 1782 862 1844 cd
872 1784 959 1845 ettilo
976 1787 1133 1868 expedien-

161 1887 227 1950 dam
241 1903 368 1961 consum,
383 1885 471 1942 rertcc
483 1875 625 1962 quedem,
640 1872 734 1955 djure
748 1872 967 1946 determinate,
984 1875 1134 1938 ordinarii

156 1973 269 2060 judicii
283 1971 489 2035 solemnitates.

201 2068 293 2129 6003.
316 2061 429 2125 Dicitur
451 2064 481 2120 l⁰
500 2055 540 2118 ad
555 2055 643 2117 citius
662 2051 865 2135 expediendum
888 2071 1019 2134 eausam,
1040 2056 1135 2120 etsie

161 2155 260 2219 differt
270 2151 418 2233 indicium
432 2143 658 2209 summariumit
673 2159 814 2223 processu
828 2160 864 2204 ex
878 2143 992 2204 notorio
1008 2145 1062 2206 :in
1077 2147 1135 2208 isto

161 2247 339 2308 enimcertae
349 2237 551 2301 solemnitates
560 2233 739 2294 omittuntur
751 2231 822 2313 quia
831 2231 862 2292 in
874 2230 932 2293 hoc
938 2231 1135 2311 judiciosnnt

161 2333 298 2408 inutiles,
312 2327 387 2391 dum
409 2326 442 2386 in
463 2321 628 2386 summario
641 2320 820 2383 omittuntur
834 2337 873 2382 ne
891 2337 981 2384 causa
1003 2323 1135 2388 nimium

162 2419 362 2506 protrahatur.
860 2467 866 2476 .

201 2510 316 2573 Dicitur
328 2510 358 2569 2⁰
370 2505 405 2568 de
413 2503 493 2587 facto
506 2501 700 2580 omittuntur,
711 2499 782 2581 quie
794 2517 880 2562 secus
891 2495 1043 2579 judicium
1056 2508 1136 2566 esset

161 2600 361 2666 ordinarium.

201 2689 309 2752 Differt
323 2686 414 2748 etiam
427 2680 618 2746 summarium
631 2680 649 2740 0
669 2678 825 2741 sententiis
838 2695 874 2741 ex
892 2679 1057 2762 informent
1070 2701 1135 2744 eon·

160 2777 293 2854 scientio,
303 2776 374 2857 quic
383 2775 415 2835 in
426 2772 489 2834 istis
497 2768 666 2832 nonsolitm
677 2767 797 2849 atique,
808 2767 861 2831 sed
870 2773 1018 2833 ctomnes
1026 2770 1135 2835 solem·

162 2869 271 2932 nitstes
285 2862 381 2927 omitti
397 2865 534 2944 possunt.

202 2958 293 3020 ooot.
316 2955 360 3015 llx
380 2951 459 3013 dicte
472 2949 618 3012 Clement.
634 2947 738 3029 Sene,
754 2946 785 3008 in
800 2947 970 3010 summariis
980 2947 1134 3028 judiciisl

161 3047 258 3111 iormt
268 3042 453 3125 judiciorum
466 3037 688 3102 ordinariorum
701 3034 801 3098 recedi
819 3043 916 3118 potest
929 3039 959 3100 in
979 3037 1134 3120 sequenti-

160 3138 235 3200 bus:
252 3139 283 3198 l·
294 3130 479 3196 necessarius
488 3147 551 3192 non
560 3133 606 3191 est
614 3125 746 3202 libellus;
762 3129 794 3188 2⁰
803 3143 860 3188 nec
869 3125 928 3189 litis
939 3129 1133 3203 contestetio;

160 3229 192 3290 3·
205 3223 301 3292 valide
315 3219 437 3306 procedi
450 3223 548 3303 potest
565 3217 656 3280 etiam
673 3213 780 3278 diebus
794 3214 905 3278 ferietis
919 3219 948 3294 ι;
963 3221 996 3278 t·
1011 3233 1134 3280 necesso

193 3377 199 3406 ¹
216 3373 290 3424 lustr
301 3369 412 3424 Prtelect.
424 3365 450 3420 S.
463 3365 532 3430 Sutp.
547 3362 586 3428 (nt
598 3361 667 3429 65l),
683 3360 811 3413 ltoillenet.
826 3362 864 3426 (de
874 3361 965 3424 Feriis,
984 3374 1014 3414 no
1029 3363 1071 3429 tl)
1083 3375 1133 3414 nou

10 3511 12 3520 γ
39 3469 49 3480 -
161 3445 213 3494 vult
222 3444 270 3494 hoc
283 3443 372 3494 debere
380 3437 483 3503 intelligi
496 3437 527 3486 de
537 3433 604 3486 seriis
614 3431 700 3494 sacris,
712 3433 754 3484 sed
766 3433 860 3485 tentinn
871 3433 902 3484 do
914 3433 981 3485 seriis
991 3433 1131 3496 rusticanis,

163 3513 219 3564 olim
238 3513 340 3563 indultis
362 3509 439 3578 gratil
457 3505 635 3558 vindemiarum
648 3505 687 3555 vel
704 3505 834 3569 messium,
851 3504 888 3557 uli
909 3505 998 3558 dicitur
1010 3504 1036 3558 in
1057 3505 1131 3572 cepit.

162 3655 200 3704 nti
214 3655 252 3716 lo,
266 3654 315 3718 tn

163 3587 312 3648 Conquestio
335 3586 363 3639 5.
377 3585 406 3634 dc
418 3580 503 3634 Fen'te
525 3575 605 3628 liciis
626 3576 701 3627 Feriis
714 3575 768 3629 uide
787 3577 860 3629 etiarn
878 3577 976 3640 devoti,
990 3577 1027 3630 Dc
1041 3577 1127 3638 lude..
1221 3569 1222 3618 ἰ
