2452 3984
444 309 531 355 umen
552 307 686 362 ranrrus.
989 303 1047 365 ‘257

81 412 216 476 seculari
227 435 238 490 3
250 415 297 480 vei
309 417 400 482 modo
410 417 525 497 illicito,
542 441 651 504 nempe
663 427 687 486 si
702 426 721 487 b
732 425 858 493 pretato
867 447 925 495 suo
936 429 1047 512 punia-

81 506 129 562 tur
142 520 195 580 per
210 503 335 570 laicum.
352 511 384 572 S.
404 509 541 591 Inguen,
554 511 607 575 lib.
623 516 653 588 7,
671 530 705 580 uo
719 515 787 576 bid.

114 599 204 664 6212.
227 599 295 662 Non
304 601 406 674 autem
419 598 583 662 incurritur
594 601 884 666 excommunicatior
895 603 959 666 t⁸si
974 601 1049 666 iura

79 685 186 750 clerico
197 686 276 750 ciam
292 686 399 768 eripiat
411 704 589 750 crumenam
603 687 648 750 vel
659 695 793 768 vestem,
807 691 879 772 quia
891 693 972 754 actio
987 711 1049 754 non

79 769 120 837 est
132 774 284 838 violenta:
302 792 392 838 secus
404 775 430 838 si
450 774 598 838 violenter
616 775 741 860 eripiat;
757 778 790 842 2·
807 779 832 842 si
846 780 999 861 percussio
1012 780 1050 842 sit

75 864 196 942 jocosa,
218 864 357 946 quamvis
376 865 490 946 gravis,
513 868 545 927 et
561 863 653 928 ctiam
669 884 741 928 curu
763 857 866 950 aliqud
887 869 949 945 iri,
968 869 993 930 si
1011 869 1049 930 ad

77 952 203 1015 mortale
217 970 280 1016 nou
294 951 445 1034 pertingat
463 953 539 1036 (cap
566 955 599 1023 i,
622 952 669 1017 De
680 953 769 1018 Seni,
781 957 953 1034 excantat:
968 956 1050 1021 uude

76 1041 370 1104 utexcommunicati
383 1059 444 1104 non
456 1040 605 1103 habentur
617 1041 702 1123 pueri
717 1042 818 1107 clerici
830 1044 881 1127 qui
896 1043 1007 1126 pugnis
1016 1059 1049 1109 sc

77 1131 263 1210 percutiunt,
279 1129 347 1192 licet
359 1130 482 1210 sanguis
495 1131 514 1192 e
529 1129 652 1192 naribus
665 1128 856 1212 effundatur,
871 1133 943 1216 quia
956 1150 1048 1214 regu·
1115 1207 1117 1211 Ι

76 1216 177 1282 iariter
199 1237 365 1301 puerorum
388 1219 543 1301 percussio
565 1235 628 1280 uon
645 1225 802 1301 reputatur
819 1222 947 1304 graviter
967 1223 1047 1303 inju-

77 1308 171 1386 riosa3
187 1311 220 1370 ³⁰
234 1309 258 1371 si
272 1307 427 1390 percussio
441 1307 479 1370 sit
491 1307 530 1370 ad
542 1305 768 1372 defendendum
781 1328 814 1372 se
826 1310 873 1372 vel
887 1329 977 1389 suos,
1001 1311 1048 1375 vel

76 1413 123 1459 res
136 1415 209 1460 suas
219 1415 289 1460 cum
300 1395 506 1458 moderamine
515 1403 617 1459 tamen
630 1395 789 1478 inculpatae
801 1398 916 1474 tute1ae;
932 1404 966 1460 4⁰
975 1419 1049 1483 quo·
1071 1443 1076 1450 -

75 1485 131 1548 ties
143 1485 309 1568 percussio,
325 1484 386 1548 sire
399 1483 439 1546 ob
449 1483 598 1547 levitatem
610 1485 705 1566 ipsius
717 1484 779 1549 sive
792 1487 832 1550 ob
846 1486 1047 1569 imperiectio-

76 1592 145 1638 nem
159 1573 352 1637 advertentim
361 1571 420 1654 ,ad
427 1572 553 1636 mortale
562 1590 625 1636 non
636 1573 772 1656 pervenit
777 1576 827 1651 35⁰
840 1575 864 1638 si
878 1576 1004 1640 clericus
1014 1583 1048 1642 ut

75 1663 140 1726 talis
162 1681 226 1726 non
248 1667 444 1744 agnoscatur,
468 1667 559 1743 prout
579 1661 605 1725 si
625 1669 833 1744 percuteretur
850 1664 880 1726 in
902 1666 1045 1730 tenebris.

77 1752 232 1817 Dubitatur
253 1759 356 1815 autem
377 1769 416 1814 an
440 1751 599 1814 incurrerit
620 1752 966 1818 excommunicationem
994 1758 1046 1838 qui

76 1848 244 1922 percuteret
256 1841 400 1924 ignorans
417 1859 482 1904 esse
500 1840 666 1919 clericum,
681 1840 735 1904 sed
748 1841 789 1904 ita
803 1843 907 1904 auimo
920 1862 1045 1926 compa-

77 1938 172 2011 ratus,
193 1936 229 1996 ut
256 1931 373 1992 etiamsi
393 1929 479 1992 iilum
506 1935 703 2010 cognosceret
730 1929 822 1992 etiam
843 1939 1014 2012 percuteret
1035 1954 1043 1996 ε

76 2021 223 2084 sententia
250 2037 364 2102 negans
390 2025 436 2082 est
462 2017 654 2081 communior
680 2024 709 2080 et
736 2017 935 2100 probabilior,
962 2022 1047 2100 iuxta

75 2110 104 2173 S.
114 2108 354 2191 Liguor.,modb
364 2107 536 2190 percutiens
545 2107 667 2188 penitus
679 2107 795 2188 ignoret
807 2123 873 2170 esse
881 2107 1045 2174 clericum:

74 2217 162 2262 secus
175 2204 278 2262 autem
291 2197 316 2260 si
333 2197 500 2274 dubitaret,
515 2203 567 2258 aut
581 2196 605 2258 si
620 2195 788 2259 intenderet
802 2213 875 2259 eum
889 2205 1047 2279 percutere

74 2285 1047 2367 siralaicussitsivecimicus.Suntquidicuntiguorantiamcras-

74 2395 138 2440 sam
152 2395 297 2440 excusare
307 2376 345 2438 ab
358 2375 415 2438 hac
428 2373 757 2451 excommunicatione,
773 2373 826 2436 sed
835 2375 943 2438 meritb
958 2378 988 2439 id
1003 2397 1047 2442 re

76 2467 204 2548 probant
218 2467 321 2542 Croix,
337 2463 481 2541 Sanchez,
495 2469 553 2527 etc.
566 2507 576 2540 ,
590 2463 661 2544 quia
671 2461 905 2525 verbaumdeate
915 2463 1045 2545 diodoto,

75 2557 240 2638 important
248 2555 365 2618 tantum
379 2551 606 2634 percussionem
618 2567 690 2613 cum
700 2553 924 2633 peccatograri.
941 2553 983 2631 (S.
999 2556 1045 2618 Li·

74 2641 291 2726 guor.,11b.t‚
309 2655 344 2706 n⁰
356 2644 441 2719 275.)

114 2737 203 2796 6213.
224 2736 299 2796 item
318 2727 664 2795 excommunicationem
682 2746 746 2792 non
767 2727 926 2794 incurrunt
939 2733 1047 2798 Praela-

73 2827 139 2902 tus,
152 2828 329 2905 praeceptor,
344 2828 442 2904 pater,
453 2829 524 2893 etc..
536 2819 737 2900 percutientes
745 2817 889 2882 clericum
903 2821 935 2884 in
950 2826 1047 2887 mino·

73 2911 160 2975 ribus
188 2911 384 2974 constitutum
411 2908 605 2971 correctionis
633 2910 743 2987 causa,
765 2908 919 2974 moderate
942 2918 1045 2976 tamen

73 3001 159 3081 juxta
182 3003 356 3083 gravitatem
374 2998 471 3080 culpee
488 3017 496 3058 ε
511 2997 569 3060 hoc
591 3001 719 3079 possunt
741 2999 831 3060 etiam
853 3001 997 3064 Praelatus
1017 3008 1048 3064 et

75 3099 257 3172 preceptor,
268 3107 341 3170 erga
353 3088 498 3152 clericum
512 3086 544 3148 iu
557 3087 648 3149 sacris
659 3087 858 3150 constitutum
870 3107 879 3163 ;
892 3107 931 3150 an
945 3096 1046 3151 autem

76 3179 157 3242 idem
172 3179 266 3261 possit
277 3185 377 3260 pater,
387 3175 637 3240 controvertitur?
652 3177 805 3238 Sententia
815 3175 967 3238 affirmans
981 3195 1047 3258 pro·

75 3266 203 3338 habilior
209 3266 326 3330 videtur
335 3269 367 3332 S.
378 3265 534 3347 Lignaria:
546 3282 584 3327 ex
590 3283 657 3347 cap.
670 3269 699 3341 i,
710 3264 894 3328 DeSeatent.
906 3283 1044 3328 cecorum.

75 3358 123 3440 (S.
147 3357 284 3439 Liguor„
300 3355 353 3418 lib.
368 3361 400 3433 7,
416 3365 450 3416 n⁰
467 3355 537 3432 275,
553 3373 583 3435 q.
601 3358 641 3430 5).
664 3355 726 3416 Nec
740 3355 898 3414 incurrunt
917 3353 1046 3416 ministri

76 3447 130 3528 qui
142 3446 301 3510 verberant
311 3441 406 3508 autin
420 3461 571 3508 carcerem
581 3441 745 3505 detrudunt
755 3440 899 3503 ciericum
912 3459 998 3504 reum
1010 3461 1047 3506 ex

74 3553 162 3618 Jussu
175 3533 346 3616 Superioris
358 3531 549 3596 ecclesiastici
566 3531 647 3620 (cap.⁸
662 3529 703 3594 Ut
719 3530 825 3612 forrare
844 3531 896 3609 35,
914 3528 948 3592 de
961 3531 1045 3598 Sunt.

78 3643 229 3702 caccum,
244 3629 274 3685 et
287 3641 355 3704 cap.
373 3620 502 3688 Clericos
516 3623 565 3699 15,
581 3619 616 3682 dc
627 3627 703 3682 seat.
719 3635 871 3697 ecoctam,
886 3619 917 3681 in
930 3623 985 3700 6⁰).

118 3715 207 3779 uait.
230 3715 306 3780 ltem
324 3709 596 3778 excommunicatio
620 3725 682 3769 non
705 3705 867 3769 incurritur
884 3708 909 3769 si
929 3725 1041 3783 percus
