2462 3984
402 295 489 344 crana
508 295 640 344 marrus
957 275 1014 340 tar

68 391 134 472 tire,
152 392 204 457 nisi
226 393 291 476 quis
313 393 329 458 d
352 393 517 476 Republict
543 394 589 458 rol
609 395 627 456 t
647 391 778 456 dominis
796 399 830 458 ut
849 391 965 458 fiscales
986 397 1017 456 et

67 481 349 566 custodesagrorum,
361 483 562 566 gabellarum,
573 489 644 560 eto,
656 484 840 567 stipendium
854 483 1013 566 acceperit,

65 573 123 650 quia
136 573 164 633 in
182 573 236 636 boo
253 591 325 638 casu
346 581 466 638 tenetur
483 591 521 636 ex
533 573 664 656 justitie,
688 579 719 636 et
738 571 776 635 ad
795 573 1014 636 restitutionem

62 659 226 725 damnorum
258 682 296 728 ex
328 661 448 727 deiectu
480 662 719 726 denuntiationis
753 661 1014 744 provenientium

66 751 173 829 proinde
185 759 300 816 tenetur
321 771 391 818 oum
412 753 494 835 gravi
516 752 640 815 damno.
665 752 900 814 Controvertitur
914 757 1015 814 eutem

64 859 94 900 an
108 840 149 902 isti
161 847 314 906 teneantur
327 842 366 906 ad
378 843 601 906 restitutionem
616 841 801 904 muletarum
811 860 881 922 quae
894 859 950 921 pro
963 839 1016 902 de·

64 927 127 992 lictis
138 939 231 994 essent
244 932 436 1016 imponendae
448 953 456 1010 ;
479 930 533 994 sed
552 931 634 994 oertd
648 937 790 994 tenentur
804 930 842 992 ad
857 929 1018 991 restitutio·

65 1037 122 1080 nem
147 1021 332 1104 vectigalium
355 1041 424 1105 quae
445 1021 659 1102 'delinquentes
684 1020 799 1084 solvere
831 1017 1016 1081 debuissent.

63 1107 88 1170 S.
102 1109 227 1191 liquor,
240 1111 293 1174 lib.
310 1117 348 1190 l,
364 1124 398 1173 n⁰
412 1115 481 1174 831.

94 1220 173 1280 5836.
196 1221 248 1281 Est
267 1220 359 1282 etium
372 1219 515 1302 obligatio
528 1218 727 1287 denuntiandi
745 1215 784 1280 ad
798 1216 953 1280 vitandum
975 1216 1020 1278 vel

64 1307 266 1370 resarciendum
276 1308 424 1371 damnum
439 1309 567 1392 propriae
582 1307 714 1385 lamiliae,
725 1307 750 1370 si
765 1307 839 1370 alias
852 1311 1019 1369 remaneret

64 1393 226 1460 dehonorata
240 1399 286 1460 rel
300 1397 451 1460 alimentis
464 1397 617 1460 destituta.
633 1399 675 1477 (S.
688 1396 825 1478 Liguor.,
840 1395 895 1472 ib.)

98 1500 125 1558 lu
142 1498 255 1564 duobus
270 1500 390 1564 casibus
402 1519 493 1581 snpra
507 1499 662 1564 recensitis
676 1499 839 1582 requiritur
853 1503 886 1561 ut
900 1497 1022 1560 denun-

66 1585 127 1649 tians
139 1588 241 1652 babeat
262 1590 400 1653 notitiam
418 1599 530 1652 certam
545 1590 701 1666 criminis,
717 1596 745 1650 et
760 1589 796 1650 sit
809 1589 900 1650 timor
914 1586 1022 1650 lunda-

66 1681 104 1737 tus
116 1679 189 1758 qubd
208 1699 299 1762 mare
318 1679 487 1757 damnum,
503 1680 564 1741 sive
578 1679 726 1742 societatis
746 1679 806 1742 sire
821 1677 945 1760 priuati,
961 1695 1023 1738 non

67 1773 151 1845 posset
163 1769 245 1832 aliter
259 1771 364 1832 auerti.

98 1876 176 1936 3837.
195 1874 233 1938 St
246 1875 386 1952 tertium,
402 1893 464 1937 non
477 1879 521 1935 est
533 1872 676 1952 obligatio
689 1867 888 1934 denuntiandi
897 1867 1025 1950 judicia-

67 1956 140 2022 liter:
156 1981 222 2026 nam
247 1964 294 2026 sel
317 1963 460 2026 delictum
482 1968 528 2024 est
548 1961 722 2043 publicum,
743 1959 789 2020 rel
812 1957 976 2019 occultum.
994 1956 1025 2019 Si

71 2050 255 2136 pribs,judex
270 2059 371 2136 potest
389 2051 552 2134 procedere
571 2055 676 2111 contra
689 2046 936 2128 delinquentem,
952 2047 1026 2125 quin

71 2135 157 2220 uliquis
169 2151 308 2206 teneatur
324 2141 362 2204 ad
375 2159 447 2204 eum
461 2135 722 2212 denuntiandum,
739 2136 764 2198 si
783 2134 949 2217 posterilrs,
965 2151 1027 2195 non

68 2229 150 2292 solim
176 2251 266 2295 nemo
294 2238 412 2294 tenetur
436 2229 591 2292 dillamare
618 2225 866 2308 delinquentem,
891 2222 966 2301 sed,
995 2229 1029 2285 ut

67 2313 180 2384 diximus
190 2341 282 2404 supra
293 2325 393 2400 (5838)
405 2319 600 2382 commuuibs
614 2317 742 2379 sentitur
751 2313 833 2397 quod
843 2312 901 2375 tale
912 2313 1027 2374 crimen

67 2405 217 2473 denuntiari
242 2419 402 2493 nequeat:
425 2418 454 2470 et
472 2408 529 2471 hoo
552 2408 642 2469 etiam
666 2407 697 2468 in
719 2421 871 2485 casuque
892 2402 1028 2484 superior

66 2500 225 2581 praeciperet
243 2509 275 2564 et
289 2520 341 2582 per
359 2498 436 2562 duos
456 2505 545 2560 testes
559 2503 659 2578 posset
673 2493 804 2576 probari.
824 2491 898 2553 Vide
913 2493 942 2552 S.
962 2490 1026 2570 Lig.

66 2585 116 2660 tlib.
137 2595 171 2665 l,
187 2600 220 2651 n⁰
241 2594 328 2666 847);
347 2589 441 2650 Bouix
457 2587 516 2664 (De
533 2585 646 2660 ludia,
666 2591 740 2644 tom.
762 2585 797 2658 8,
814 2599 844 2660 p.
861 2583 898 2641 bl
918 2585 948 2641 et
961 2582 1027 2657 58);

67 2673 272 2760 Strcmler(lles
285 2677 391 2742 Priuer
404 2677 518 2752 eccles,
534 2694 565 2757 p.
584 2673 742 2748 tre-tta).

99 2783 182 2844 5838.
199 2782 282 2846 Noto
299 2801 314 2840 u
333 2779 416 2863 qubd
434 2781 486 2861 qui
501 2777 644 2842 delictum
666 2775 722 2838 sub
741 2773 845 2836 secreti
863 2771 961 2854 sigillo
976 2792 1030 2837 uo·

67 2885 79 2924 r
99 2871 165 2932 rerit
179 2879 212 2934 nt
225 2869 395 2934 remedium
417 2877 469 2932 aut
482 2867 642 2932 consilinm
663 2863 849 2945 delinquenti
865 2863 1030 2946 preberet,

68 2977 80 3013 n
101 2977 243 3044 nunquam
259 2967 379 3022 tenetur
396 2957 468 3020 illud
487 2957 684 3034 denuntiare,
708 2954 779 3035 quia
798 2953 849 3038 jus
871 2953 1031 3036 positivum

69 3065 157 3111 »non
183 3057 281 3132 potest
305 3049 366 3128 iuri
392 3054 507 3110 naturae
529 3047 675 3125 derogare
697 3065 738 3121 r,
763 3049 794 3105 et
814 3045 938 3124 insuper
961 3041 1032 3122 quia

70 3132 172 3200 honum
192 3156 357 3202 commune
378 3137 509 3220 postulat
533 3142 564 3198 ut
583 3135 641 3196 tale
661 3136 810 3195 secretum
832 3138 974 3193 seruetur.
990 3131 1034 3190 lto

70 3223 95 3285 S.
116 3226 253 3304 Thomas,
278 3233 313 3306 8,
338 3231 368 3303 8,
393 3246 424 3308 q.
449 3229 506 3303 70,
532 3234 587 3286 art.
611 3226 640 3301 l,
655 3223 693 3284 ad
716 3226 773 3284 8..
798 3226 903 3283 contra
927 3219 1033 3280 Sotum

70 3315 105 3388 (S.
125 3318 198 3398 big,
212 3317 265 3380 lib.
280 3322 312 3395 d,
333 3320 414 3395 888).
433 3314 522 3377 dddit
538 3321 639 3376 lamen
660 3309 862 3374 Busemlraum
880 3326 888 3367 :
908 3305 993 3366 enisi
1009 3306 1034 3368 is

71 3425 83 3462 r>
105 3407 152 3486 qui
171 3412 320 3470 secretum
343 3404 515 3480 commisit,
537 3403 729 3464 innocentem
750 3398 796 3460 rel
815 3394 1034 3478 rempublicam

70 3513 82 3548 n
104 3503 227 3570 vexaret,
240 3515 296 3559 neo
307 3495 394 3560 vellet
407 3493 559 3556 desistere.
576 3491 663 3554 Card.
680 3489 717 3551 de
733 3489 855 3570 Lugo...
867 3507 882 3544 n
896 3487 938 3563 (S.
955 3483 1033 3567 lig,

73 3580 120 3662 ib,
135 3587 166 3644 n⁰
179 3589 259 3666 839).
272 3584 387 3646 -Vide
401 3583 490 3646 etiem
500 3581 579 3644 dicta
593 3597 684 3661 supra
698 3577 799 3656 (lotii,
813 3575 914 3656 4068).

108 3691 278 3754 wib-ll.
294 3689 328 3753 ln
344 3687 465 3770 prelatt
479 3684 676 3768 responsione
690 3677 816 3760 questio
829 3675 985 3740 resolvitur
999 3689 1034 3732 es
1077 3696 1081 3704 ·
