2572 4006
208 191 255 246 til
419 195 476 250 666
925 199 982 253 555
1238 257 1239 264 ἵ

240 305 459 356 susurrum-nr
476 303 555 371 possit
568 305 599 357 sb
616 301 1109 374 Epis-'Anrslidasitsollatiosuspenso
1121 305 1188 364 lacte.
1238 319 1239 362 ξ

209 399 272 449 eope
284 382 502 450 estrajudicialiter
518 385 575 436 ierri
592 385 617 436 in
632 401 690 452 per·
712 381 781 434 6585.
792 386 828 434 55
838 399 971 450 suspensus
983 383 1127 437 dbenelrcio
1139 400 1190 452 pus·
1238 421 1239 434 .

209 471 326 532 potuum,
344 466 399 528 55t,
421 467 491 519 6615.
508 469 545 518 An
564 465 690 532 regulares
714 462 850 516 sltlructus
858 463 1018 518 sibiretinere
1026 466 1084 518 sisit
1094 483 1189 533 pauper,

210 547 307 598 valeant
322 548 440 615 suspendi
457 549 487 599 ab
505 549 624 617 Episcopo
637 549 691 600 sind
716 546 784 596 6555.
798 547 834 596 55
847 545 873 597 io
886 545 964 600 Gallia
977 561 1111 615 suspensus
1124 547 1137 599 5
1151 547 1191 598 55·
1238 585 1239 594 .

210 630 284 680 causi
306 630 388 697 quoad
406 631 602 692 contessionem,
619 631 689 696 1565,
715 626 802 677 nelicio
820 633 933 680 tencatur
953 629 1081 680 restituere
1100 629 1192 696 pensio·
1238 667 1239 672 ,

210 709 280 761 1569.
294 711 330 760 ln
343 710 446 778 simplex
460 711 625 764 conlessarius
637 727 692 778 pos·
714 723 771 760 nem
783 709 928 774 ignicrnio
942 711 1033 771 datam,
1045 711 1117 774 6556,
1127 711 1190 768 5559,

211 792 243 843 sit
266 793 393 844 absoluere
418 793 432 843 i
456 795 619 862 suspensione
643 809 692 846 non
714 790 788 852 5556,
802 791 872 842 sato.
886 791 950 852 Quid
962 791 994 842 sit
1006 793 1133 858 proprium
1145 807 1191 842 sus·
1238 803 1239 806 ’

212 874 694 941 reserretd,dltl,Suspensioinmo·
716 869 828 936 pensioni
859 869 915 922 latas
944 872 969 922 in
1001 873 1103 924 modum
1127 888 1192 923 mere
1238 881 1239 894 ³

212 953 272 1006 dum
294 969 368 1006 merse
386 969 464 1022 poenae
483 955 532 1006 leta
549 961 630 1008 cessat
644 970 694 1008 555
717 965 804 1018 poenae.
817 951 886 1004 5588.
896 951 1026 1012 Quomodo
1039 952 1192 1020 dignoscetur
1238 971 1239 1002 1

213 1051 256 1102 per
268 1036 450 1088 absolutionem
467 1037 510 1089 sed
532 1053 575 1104 per
593 1036 695 1105 55555-
718 1047 749 1084 55
771 1032 902 1098 suspensio
925 1032 958 1086 sit
978 1033 1028 1086 lats
1049 1033 1076 1086 in
1098 1036 1192 1088 modum

214 1119 347 1175 sotionem.
363 1119 433 1170 stau.
449 1121 486 1170 55
503 1119 639 1186 Episcopus
652 1134 696 1171 ra·
719 1129 793 1166 metu
811 1130 888 1179 poenae
910 1119 952 1167 aul
970 1115 996 1167 iu
1015 1117 1117 1168 modum
1139 1131 1203 1185 555·1

214 1199 263 1250 lest
285 1197 414 1249 absoluere
431 1198 445 1248 l
462 1199 624 1264 suspensione
640 1213 696 1250 curn
719 1208 783 1244 surae
795 1231 802 1255 ‚
815 1194 886 1244 6589-
907 1195 943 1246 55
961 1196 1137 1262 suspensiones
1151 1196 1194 1246 sint
1238 1201 1239 1274 }

215 1279 370 1346 alienigenis,
378 1279 448 1329 dt52.
459 1281 495 1330 55
507 1278 601 1331 hebens
613 1285 699 1346 potes·
720 1273 827 1326 lenendae
838 1275 906 1342 juxta
925 1283 1072 1330 consuetum
1082 1279 1144 1348 juris
1156 1293 1194 1328 or·
1238 1313 1239 1336 r

218 1363 290 1409 ‘atem
314 1355 458 1408 absoluendi
481 1357 611 1409 irensibus
632 1357 700 1424 Epis·
721 1357 824 1419 dinem,
848 1357 918 1410 6596.
942 1359 979 1410 55
1001 1375 1123 1426 suspenso
1144 1356 1194 1409 lerri
1238 1381 1239 1386 ¹

216 1451 280 1504 copo
295 1438 425 1489 reservatis
442 1437 532 1488 hebeat
544 1437 573 1488 ed
586 1437 640 1504 ipsd
651 1451 698 1503 po·
722 1438 799 1503 possit
815 1440 889 1491 modo
903 1441 1050 1506 preventive
1062 1448 1088 1494 et
1099 1458 1130 1494 an
1143 1447 1195 1491 tuno
1238 1497 1239 1506 p

135 1552 141 1564 .
216 1523 329 1569 testatem
346 1515 516 1568 absoluendid
533 1515 700 1583 suspensioni·
722 1517 889 1584 irregularitas
911 1519 988 1586 possit
1005 1520 1100 1576 incurri
1112 1561 1120 1586 ,
1132 1519 1193 1572 6596.
1238 1529 1239 1580 ᾗ

218 1599 263 1650 lius
274 1598 403 1650 reservatis
412 1597 498 1649 iisdem
510 1597 698 1661 annexis,dl8l.
723 1599 849 1660 Quatenus
873 1601 987 1655 rimaclus
1014 1603 1048 1656 sit
1068 1615 1195 1672 suspensos
1238 1599 1239 1614 ¹

217 1679 329 1731 Scienter
340 1677 440 1731 ordines
452 1679 572 1748 recipiens
585 1679 615 1731 alr
628 1679 700 1748 Epis·
724 1681 896 1744 denuntiatus,
909 1684 981 1738 6591.
998 1688 1035 1737 55
1046 1691 1072 1737 et
1083 1693 1195 1756 quetenru
1238 1665 1239 1754 ]

217 1777 280 1828 copo
299 1760 398 1813 vitando
414 1762 601 1830 suspensionem
619 1763 702 1814 incur·
723 1761 755 1814 sit
773 1763 877 1815 mortale
895 1779 944 1816 non
964 1763 1040 1820 vitare
1056 1780 1194 1836 suspensum
1238 1809 1239 1834 ,

218 1844 250 1896 rit
272 1844 302 1896 ab
326 1843 419 1896 ordinis
441 1843 550 1913 suscepti
568 1843 699 1908 exercitio,
724 1841 905 1910 denuntiatum,
924 1845 995 1899 6592.
1015 1847 1052 1899 55
1069 1847 1195 1901 mortaliter
1238 1835 1239 1882 l

218 1922 288 1974 5518.
303 1922 366 1983 Quid
386 1923 419 1973 sit
430 1923 560 1990 suspensio
579 1927 604 1976 et
614 1923 639 1974 in
651 1937 700 1989 quo
724 1930 808 1992 peccet
816 1925 1059 1995 clerieossuspensus
1067 1925 1193 1982 exercendo

220 2005 315 2057 diflerat
338 2004 369 2056 eb
397 2005 451 2056 aliis
476 2003 607 2063 censuris,
629 2003 700 2055 6556.
725 2011 805 2058 actum
817 2007 864 2074 ipsi
881 2023 924 2076 per
940 2007 1128 2076 suspensionem
1139 2007 1193 2059 uoti·
1238 2011 1239 2066 l

220 2086 283 2146 Quid
292 2087 323 2137 sit
335 2087 464 2152 suspensio
479 2086 599 2153 completa
610 2085 701 2152 etquid
724 2094 775 2139 tum
785 2127 791 2151 ,
803 2089 873 2140 6595.
887 2089 1022 2157 Suspensio
1035 2091 1194 2158 ligstsaspen·

219 2169 341 2236 partialis,
358 2169 428 2220 d5ll.
442 2168 507 2230 Quid
523 2169 555 2219 sit
571 2167 700 2236 suspensio
724 2185 777 2221 sum
791 2169 863 2221 etiarn
883 2177 949 2221 entra
967 2172 1093 2224 diaecesim
1110 2179 1133 2224 et
1144 2167 1192 2221 ubi·

221 2250 251 2300 sb
264 2249 363 2312 ordine,
382 2249 530 2302 esau-osta.
545 2251 581 2300 55
594 2265 700 2316 suspen·
725 2267 781 2318 que,
795 2253 864 2303 6565.
879 2253 1018 2318 Suspensus
1030 2268 1080 2304 oon
1091 2253 1193 2306 eximitur

219 2347 262 2383 sus
275 2333 305 2382 ab
319 2331 405 2383 ordine
417 2329 592 2397 sitsuspensus
604 2331 617 2382 5
629 2331 702 2398 juris·
725 2335 755 2384 55
767 2333 918 2400 obligatione
929 2335 1192 2397 5555555555555,515ΙΙ

223 2414 343 2474 dictione,
360 2419 384 2465 et
397 2429 427 2464 an
440 2413 570 2480 suspensio
588 2411 702 2463 idivinis
726 2417 795 2467 6595.
814 2419 850 2467 55
870 2416 978 2466 incurrat
1000 2415 1193 2482 irregularitatem

222 2497 302 2549 obstet
322 2495 457 2563 receptioni
477 2500 702 2557 sacramentorum,
727 2497 861 2565 Episcopus
885 2512 934 2549 non
951 2497 1085 2550 observans
1099 2508 1193 2562 suspen·

221 2579 308 2631 sallem
321 2577 427 2639 ordinis,
443 2577 512 2630 65lt.
522 2575 585 2636 Quid
602 2575 634 2626 sit
646 2591 704 2626 sus·
727 2579 822 2632 sionem
836 2579 849 2630 5
869 2579 1071 2643 Pontilicalibus,
1088 2580 1153 2632 5596.
1164 2577 1192 2624 55

222 2659 308 2725 pensio
320 2658 351 2708 sb
363 2657 455 2720 officio,
468 2655 615 2709 6565-6556.
628 2657 705 2724 5555
727 2660 856 2726 suspensio
881 2659 959 2726 possit
980 2659 1038 2712 ierri
1061 2659 1094 2712 55
1111 2653 1192 2710 reniale

224 2749 354 2796 censeatur
371 2759 507 2810 suspensus
520 2742 562 2808 qui
574 2739 707 2809 suspendi·
729 2747 855 2809 peceatum
864 2780 870 2802 ,
880 2739 950 2792 usal.
964 2739 1083 2801 Quanam
1095 2740 1140 2791 sint
1149 2747 1191 2784 sus·

226 2829 264 2876 tur
275 2823 426 2891 simpliciter,
434 2823 577 2875 65655555
585 2829 707 2892 quatenus
729 2821 860 2889 pensiones
876 2821 931 2872 letae
949 2821 1045 2888 djure,
1059 2811 1187 2874 55956605

226 2903 422 2973 suspensionesi
434 2906 489 2970 iure
501 2904 622 2969 attingant
634 2903 706 2970 Epis·
730 2903 804 2970 5555
815 2902 990 2970 suspensiones
999 2903 1093 2955 absolvi
1103 2898 1182 2969 queant

227 3003 310 3055 cupos,
324 2985 393 3037 5586.
406 2986 443 3036 55
454 2984 582 3051 suspensio
595 2985 609 3035 5
620 2981 707 3036 divinis
731 2983 799 3034 6661.
814 2983 877 3042 Ouid
889 2982 909 3032 si
923 2981 1013 3032 luerint
1032 2983 1089 3034 latre
1101 2983 1120 3032 in
1130 2983 1180 3053 ponp-

227 3071 331 3138 sttingat
340 3067 493 3135 Capitulum,
507 3065 577 3118 6581.
590 3069 637 3128 55,
649 3081 707 3118 sus·
730 3062 886 3118 mundalem,
900 3057 971 3108 ⁶⁶⁰²·
987 3049 1164 3123 98361869“’““’“

229 3167 303 3221 penso
316 3149 442 3218 capitulo,
460 3145 644 3214 suspendantur
654 3147 708 3198 sin.
732 3135 815 3188 bases
826 3135 957 3190 informati
967 3113 1168 3190 commentitii*n

227 3237 284 3302 gula
296 3233 373 3302 ipsius
386 3231 508 3293 membra,
522 3235 547 3284 et
562 3227 656 3296 possint
667 3227 709 3280 in·
731 3217 802 3270 ⁰⁰21·
814 3220 838 3270 V·
851 3219 934 3286 unp
947 3219 1015 3282 Sed..
1028 3201 1170 3324 5555551·δᾶ
1238 3265 1239 3274 2

229 3329 326 3367 currere
345 3313 564 3381 irregularitatem,
585 3309 655 3362 6582.
672 3310 709 3362 55
764 3293 1153 3374 SUSPENSUS·-Pf⁰b³lli¹i⁰¹⁰⁵¹i,
1238 3349 1239 3382 3

229 3393 358 3461 suspensio
372 3395 421 3446 lata
433 3393 458 3444 in
471 3390 672 3446 communitatem
685 3399 711 3444 et
734 3383 835 3435 collatio
847 3385 893 3450 ipsi
907 3383 1013 3434 seclusit
1028 3353 1176 3434 illidiiiirm'

230 3473 254 3522 in
267 3471 462 3541 singulasipsius
475 3485 595 3540 personas
607 3471 711 3539 attinget
766 3463 931 3518 sosrrurirro
948 3477 1060 3528 congrua
1079 3443 1182 3511 lentilli·

230 3549 391 3612 innocentes,
410 3551 480 3605 6555.
502 3554 538 3602 55
562 3557 632 3604 sotus
652 3565 710 3604 sus·
736 3544 828 3598 riorum
843 3543 868 3595 in
887 3557 994 3610 quonum
1009 3541 1124 3595 consistat
1136 3530 1190 3576 elin

238 3627 300 3678 *ensi
316 3627 347 3679 ab
363 3629 444 3683 curio
460 3629 511 3682 sist
528 3630 623 3691 inlidi,
642 3631 710 3684 6595.
737 3624 889 3679 inomnibus
904 3627 934 3675 sit
949 3619 1059 3693 equalis,
1072 3615 1134 3672 iili·
