2504 3990
423 238 509 284 6666
530 225 1034 286 6666166366

74 327 188 406 666166,
208 335 243 394 61
259 332 496 414 supradiximus
518 335 636 414 (66151,
653 333 768 417 possint
781 335 1034 400 communicare:

74 375 1035 524 1616661366611666116663631.366666661606616166166·

74 507 338 572 tremeUnctionis
354 510 447 593 recipi
465 517 621 593 nequeunt
634 511 672 574 ah
688 510 871 590 interdictis,
886 528 945 575 nec
957 516 1035 574 tem·

73 611 142 676 pore
154 593 318 660 interdicti:
332 597 510 662 contradicit
521 605 623 663 tamen
636 600 725 664 Croix
738 598 839 682 quoad
851 601 1036 664 Extremam·

73 684 258 750 Unctionem.
281 687 490 751 Communiter
511 695 613 752 autem
637 694 755 752 tenatur
775 688 932 771 6611616666
948 707 1036 772 posse

73 777 201 855 ternpore
215 775 362 840 interdicti
386 777 520 860 recipere
536 778 785 842 communionem
799 784 830 840 et
846 777 1035 841 Extremam·

72 863 266 942 linctionem,
281 871 316 928 ut
332 865 463 929 diximus
477 886 569 949 supra
581 865 696 948 (66119),

109 955 194 1016 auat.
217 953 406 1018 Probabitins
428 957 514 1038 putat
541 957 573 1020 S.
597 957 719 1038 Liguor.
757 953 848 1020 licere
871 953 1037 1020 interdictis

71 1041 292 1106 matrimonium
331 1045 528 1123 contrahere,
570 1047 641 1128 quia
672 1043 731 1108 hoc
766 1050 990 1108 sacramentum
1016 1047 1034 1108 6

70 1131 308 1196 contrahentibus
326 1133 568 1211 administratum
591 1133 673 1210 unde
696 1133 728 1196 in
748 1151 816 1215 cap.
841 1132 1034 1215 Capelianus,

70 1220 104 1282 de
116 1219 341 1302 seriis‚·dicitur
364 1223 447 1305 qudd
461 1224 688 1286 matrimonium
703 1223 797 1306 possit
809 1221 944 1285 contrahi
960 1241 1036 1304 quo·

69 1327 197 1392 cumque
219 1317 374 1394 tempore,
400 1319 431 1376 et
449 1311 530 1376 idern
551 1313 679 1376 habetur
701 1311 863 1376 1611116611
886 1312 1035 1376 11616666.
1062 1341 1065 1350 2

73 1397 142 1462 Vidc
156 1401 187 1463 S.
202 1399 340 1482 Liguor,
355 1401 407 1465 lib.
423 1407 459 1478 7,
479 1412 514 1466 6ο
529 1405 599 1466 331.

108 1491 196 1553 6622.
218 1489 302 1554 Idem
316 1493 347 1554 S.
363 1491 521 1574 Lignorius
540 1491 734 1572 6616166111.)
750 1509 759 1554 :
778 1489 932 1564 «Quodsi
946 1491 1038 1554 inter·

68 1600 85 1638 6
107 1576 220 1642 dictum
242 1579 280 1642 sit
301 1580 395 1644 latum
417 1600 454 1644 ex
477 1581 626 1646 sententie
646 1581 775 1662 injusta,
795 1599 864 1663 quae
883 1580 1038 1644 videbatur

68 1691 84 1727 6
104 1667 184 1748 justa
197 1669 366 1734 secundhm
379 1669 521 1754 probata,
537 1669 648 1733 161666
662 1675 787 1733 externo
803 1670 892 1734 debet
905 1670 1015 1732 serrari
1029 1717 1038 1747 ,

68 1779 84 1816 6
108 1756 161 1819 sed
183 1775 246 1820 non
269 1759 407 1836 interno;
435 1777 548 1842 quare,
567 1765 703 1823 cessante
724 1756 887 1837 scandalo,
911 1765 1039 1840 possunt

69 1869 83 1904 6
108 1845 204 1909 audiri
214 1865 308 1926 sacra,
323 1846 1040 1931 66616166666666616,11611616616666666666

68 1956 83 1992 n
108 1933 300 1999 interdictum
314 1942 448 2002 servatur
461 1937 499 2000 ab
512 1935 647 2000 Ecclesia
660 1934 830 2000 cathedrali
843 1933 890 1999 vel
901 1935 1036 2000 matrice.

67 2046 83 2082 6
109 2028 249 2087 16666166
263 2025 337 2090 11166
351 2044 487 2105 servare,
501 2025 617 2088 etiamsi
632 2023 706 2087 illud
727 2024 766 2086 sit
778 2023 897 2086 nullum
910 2042 949 2086 ex
962 2042 1038 2106 quo·

68 2137 83 2173 6
108 2131 240 2196 cumque
253 2115 361 2198 666116.
376 2117 421 2178 Ex
436 2115 582 2179 clement.
600 2119 614 2178 1
628 2162 637 2192 ,
651 2113 687 2178 de
699 2120 772 2176 sent.
788 2132 929 2176 excomm.
945 2133 961 2173 6

108 2205 198 2266 6613.
221 2238 261 2250 -
281 2206 314 2266 31
334 2203 505 2268 1166161116
524 2204 686 2289 sepulturae
706 2202 925 2282 ecclesiasticae,
949 2202 1039 2268 etiem

68 2299 205 2376 respectu
220 2291 382 2357 1616611661
395 2301 425 2357 61
438 2294 605 2358 amentium
621 2296 699 2376 (666.
717 2291 800 2370 Quod
810 2291 842 2353 in
863 2300 906 2371 te,
922 2291 958 2356 de
973 2311 1039 2375 par-

65 2381 196 2444 uitenrid
207 2389 237 2443 et
250 2402 337 2458 rem„
353 2389 383 2446 et
396 2401 463 2466 cap.
482 2384 705 2466 Epitrepontem,
718 2380 940 2465 depra'oilepr'r's,
952 2383 982 2444 in
994 2387 1038 2462 δ’,

64 2476 97 2534 61
112 2469 260 2534 Clement.
277 2474 306 2546 1,
321 2471 356 2535 de
367 2471 511 2556 3666111,
530 2473 729 2555 Excipiuntur
746 2471 865 2534 clerici.
881 2471 933 2552 qui
948 2472 978 2534 in
991 2473 1038 2534 in·

65 2557 193 2624 terdicta
219 2559 374 2643 generali,
396 2565 459 2626 tam
490 2560 576 2626 166611
611 2564 704 2644 quam
727 2557 897 2642 personati,
920 2561 1039 2642 sepeliri

64 2656 195 2733 possunt
208 2651 239 2713 in
264 2650 330 2714 loco
343 2669 429 2716 sacru
442 2651 532 2714 etiarn
546 2669 618 2714 cum
633 2649 744 2726 missa,
759 2647 812 2712 sed
829 2647 895 2712 sine
909 2653 1037 2732 pompa·

63 2739 209 2822 quinimd
222 2739 341 2822 sepeliri
356 2747 483 2824 possunt
495 2741 526 2803 in
546 2739 672 2804 ecclesia
685 2737 853 2822 specialiter
866 2737 1038 2818 interdictrt;

62 2827 120 2891 aed
134 2829 156 2892 ii
176 2831 296 2894 tanthm
317 2829 419 2895 clerici
432 2831 486 2913 qui
498 2829 588 2910 hujus
606 2827 740 2893 ecclesie
759 2827 879 2891 servitio
900 2835 971 2892 suut
984 2829 1040 2895 ad·

62 2916 138 2980 dicti
152 2965 161 3000 ,
175 2927 205 2983 et
218 2919 284 2982 6166
294 2920 384 2984 miset
394 2925 468 2983 tunc
476 2919 594 3002 sepeliri
608 2917 754 2984 deberent
768 2936 777 2980 :
792 2915 859 2982 16161
873 2919 955 2998 1666,
967 2925 1040 2983 tem·

63 3024 143 3088 pora
167 3008 317 3072 interdicti
337 3009 440 3073 localis
454 3009 621 3092 gerreralis‚
646 3005 811 3092 sepeliendi
824 3013 897 3072 sunt
916 3008 950 3072 16
974 3008 1040 3072 loco

65 3111 133 3156 non
148 3113 232 3160 sacro
244 3146 252 3176 ,
263 3099 354 3162 etiam
363 3097 510 3179 16166166,
526 3099 590 3163 6161
602 3098 679 3162 torte
692 3099 725 3160 16
739 3097 806 3162 loco
819 3115 906 3162 sacro
915 3097 1040 3161 luissent

64 3183 198 3266 sepulti,
228 3187 384 3252 exhumari
407 3187 545 3252 debent·
567 3193 704 3252 cessante
730 3192 832 3252 autam
860 3185 1038 3256 interdicto.

60 3291 179 3336 omnes
193 3273 224 3338 in
243 3275 309 3340 loco
332 3275 979 3360 666666661666666661.3,1.16666,(116
999 3280 1039 3357 ’1,

62 3365 683 3448 613351316661166116.63666161.

99 3449 195 3513 6611.
211 3447 394 3510 1166666166
404 3465 459 3510 666
462 3385 622 3526 Dcogentes
649 3444 729 3508 tradi
758 3419 1049 3548 666611666666163

54 3542 198 3604 siasticoe
210 3531 375 3600 1166611666
388 3537 538 3612 66166166,
556 3543 614 3598 661
625 3533 813 3598 nominatim
828 3542 1047 3604 excommuni-

54 3639 153 3695 catos
166 3627 215 3694 ret
227 3625 423 3706 interdictos,
439 3624 798 3690 excommunicationem
814 3627 934 3691 nemini
947 3647 1043 3696 reser-

873 3725 945 3782 rra*
