2548 3988
487 268 571 314 trouu
592 269 723 317 rrnmus.
1029 256 1086 320 801

117 364 213 448 redigi
222 371 332 447 posset,
345 365 402 428 uisi
416 364 702 450 lortcergactericos
716 369 769 452 qui
783 370 822 433 od
835 376 954 454 tempus
967 381 1091 454 possent

117 455 281 538 aliquando
299 455 437 520 damnari
457 456 496 520 ad
517 458 736 520 remanendum
751 459 828 523 intro
850 463 1088 541 monesterium,

117 544 328 624 seminarium,
344 545 391 609 vel
406 545 478 610 olias
492 545 606 610 similes
626 547 745 614 domos.
769 548 844 612 Vide
858 549 1000 614 Stremler
1021 550 1088 631 (id,

118 637 322 717 pfflmw.

160 727 250 787 6331.
265 759 302 770 -
314 724 363 787 lll.
378 723 531 788 Exilium.
548 727 582 788 ln
606 745 644 790 eo
661 725 797 791 consistit
814 725 879 790 haec
898 745 990 811 pomo
1008 728 1091 809 qudd

120 831 190 878 reus
209 814 374 896 expellatur
393 813 561 892 edioecesi‚
585 816 718 894 civitate,
733 821 786 880 out
799 817 837 879 ob
855 816 913 880 olio
933 816 999 880 loco
1019 835 1090 879 cum

119 901 320 986 prohibitione
338 902 516 967 revertendi.
539 905 619 968 liurd
639 905 730 968 etiam
754 905 835 988 opud
849 923 905 968 nos
923 905 988 968 haec
1000 923 1091 986 poena

121 997 219 1074 potest
233 991 328 1074 inlligi
343 990 451 1072 (ictu).

162 1081 292 1145 Silemus
305 1087 407 1144 eutem
422 1082 459 1146 de
478 1081 544 1146 aliis
562 1081 661 1164 poenis
673 1083 888 1166 temporalibus
902 1081 939 1144 ed
962 1079 1046 1163 qudd
1060 1080 1090 1142 in

121 1171 263 1252 praesenti
281 1178 493 1250 eorumdem,
509 1171 683 1236 nullatenus
703 1173 872 1236 executioni
887 1169 1022 1234 mundari
1040 1188 1091 1231 va·

123 1261 214 1323 leant.
231 1263 274 1322 De
285 1258 399 1322 torturd
414 1261 545 1325 diximus
559 1281 650 1345 supro
663 1264 773 1343 (6037).

508 1562 655 1633 CAPUT
679 1561 728 1632 11.

178 1745 221 1798 BE
243 1744 348 1796 POElllS
369 1743 618 1795 xconxstxsxtots
642 1741 894 1793 liduitttttnnltttts
918 1741 977 1792 SEU
1000 1739 1043 1790 ult

531 1853 694 1904 consutus.

168 2019 258 2082 6358.
280 2015 418 2078 Praesens
435 2017 526 2096 copul
544 2013 577 2075 in
596 2009 674 2075 duos
696 2008 864 2073 dividemus
881 2005 1021 2070 articulos
1037 2003 1095 2067 :in

129 2108 228 2191 primo
242 2113 347 2188 agetur
355 2105 394 2168 de
407 2103 542 2168 censuris
552 2104 583 2165 in
594 2119 716 2184 genero,
727 2099 760 2164 in
769 2095 902 2164 secundo
912 2095 950 2159 do
959 2095 1096 2160 censuris

130 2213 280 2280 inspecte.

549 2347 628 2410 Altl'.
652 2346 673 2410 l.

414 2494 452 2540 un
472 2491 612 2539 onnsunrs
632 2491 662 2537 m
683 2489 808 2537 oenone.

583 2663 644 2744 §x

332 2809 377 2873 De
389 2806 496 2870 nctrnd
509 2815 538 2868 et
551 2805 690 2868 divr'st'one
702 2819 899 2866 consororum.

174 2975 262 3036 6359.
278 3003 318 3018 ·-
331 2970 354 3032 l.
377 2968 442 3028 Vox
453 2983 580 3028 censure
592 2963 704 3046 duplici
719 2979 809 3024 sensu
822 2958 968 3040 accipitur
981 2957 1013 3020 in
1032 2955 1101 3036 jure

136 3059 348 3134 ecclesiastico,
358 3056 514 3119 videlicet:
530 3057 561 3117 1⁰
573 3053 710 3134 designat
725 3050 877 3132 quoddam
891 3065 987 3130 genus
999 3063 1101 3126 poena·
1203 3051 1205 3056 “

138 3166 222 3223 rum;
237 3152 267 3208 2⁰
280 3153 381 3208 notam
395 3146 527 3208 inustam
540 3142 684 3206 doctrine
693 3141 740 3204 vel
754 3139 840 3202 libro.
855 3140 891 3200 ln
902 3137 1001 3219 primo
1010 3149 1102 3195 sensu

139 3237 203 3299 lraec
216 3254 272 3297 vox
286 3234 442 3299 adhibetur
455 3235 487 3296 in
500 3233 597 3317 cupite
610 3229 750 3314 praesenti
763 3277 772 3308 ‚
786 3235 816 3291 61
829 3225 971 3288 definitur
986 3242 993 3282 :
1010 3221 1102 3282 Poenc

137 3323 320 3389 medicinalis
329 3343 385 3406 per
395 3345 484 3408 quom
498 3323 582 3386 locro
594 3321 773 3405 baptizetur,
784 3315 952 3396 delinquens
964 3317 994 3372 et
1007 3316 1103 3372 contu·

138 3435 223 3495 mue,
235 3414 391 3498 privatur,
401 3435 457 3498 per
468 3419 639 3496 potestatem
649 3406 887 3482 ecclesiasticam,
899 3421 952 3464 usu
965 3417 1102 3482 quorum·

138 3506 205 3569 dom
220 3505 357 3568 bonorum
369 3502 583 3586 spiritualium.

178 3595 292 3658 Dicitur
306 3595 337 3657 l0
346 3613 431 3676 poene
445 3615 455 3654 .·
469 3600 500 3656 et
512 3593 556 3655 sic
569 3591 709 3656 convenit
721 3605 793 3651 cum
807 3581 904 3667 poenis
920 3575 1104 3643 vindicativic

140 3669 1100 3764 abentesitimpositis‚depositionerempudegmdanoneptcs
