2452 3984
434 351 518 396 einen
539 349 672 396 merrus.
988 326 1047 386 ldb

66 471 81 506 a
107 450 248 528 crimen,
275 449 526 531 quomodolibet,
555 449 645 510 etiarn
671 441 933 524 extrajudicinliler
959 439 1047 501 luerit

66 560 82 596 a
107 537 300 615 interdictus,
322 545 374 600 aut
388 538 440 620 qui
460 557 553 601 esuis
565 535 738 612 ordinibus
754 551 809 596 seu
823 529 985 612 gradibus,
1000 529 1047 591 vel

66 649 81 685 a
106 625 824 706 Dignitatibusecclesiasticislueritsuspensus.
837 617 931 695 nulla,
942 621 1047 679 contra

68 738 85 773 s
108 715 204 796 ipsius
222 715 340 777 Praelati
354 715 555 792 voluntalem,
576 731 719 777 concessa
738 709 858 772 licentia
871 708 909 770 de
930 724 962 770 se
977 724 1046 787 pro·

19 804 22 808 ’
67 823 83 862 ι
107 802 386 882 moveritaciendo,
402 802 498 866 autad
511 803 626 887 priores
639 799 771 874 ordines,
783 795 895 880 gradus
907 794 1048 876 albigni
1095 795 1102 812 '

67 898 204 970 elates,
220 892 282 956 sive
295 892 425 956 honores
437 892 584 961 restitutio
595 891 786 971 suffragetur
802 909 818 947 r
1060 955 1066 966 ,

105 985 198 1044 6012.
215 985 301 1044 —30
315 983 383 1044 Non
398 982 486 1063 pauci
501 982 677 1058 canonistae‚
696 978 749 1042 sed
764 975 900 1059 plerique
915 978 967 1036 aut
979 975 1049 1036 lan·

67 1069 191 1133 senrstae
202 1077 256 1134 aut
270 1071 412 1134 Gallicani
422 1077 531 1152 prout
543 1073 618 1133 Van
607 1071 719 1152 Espen
731 1073 761 1130 et
770 1065 890 1142 Gabert
901 1061 1048 1126 sustinue-

67 1167 139 1222 nrnl
162 1160 204 1220 ita
218 1177 284 1222 esse
299 1159 529 1240 intelligendum
543 1157 700 1240 praelatum
714 1159 894 1230 Decretum,
909 1159 942 1214 ut
956 1150 1049 1252 possit

68 1247 194 1328 quidem
211 1249 378 1330 Episcopus
389 1266 547 1312 ascensum
562 1247 599 1311 ad
613 1245 736 1311 ordines
749 1243 896 1328 impedire
910 1240 1048 1322 ectroju·

67 1335 235 1414 dioiolrffter
250 1339 341 1399 etium
353 1337 388 1399 rb
405 1337 544 1398 delectum
561 1335 725 1413 occultum,
743 1353 803 1397 non
824 1339 926 1396 autern
949 1333 1049 1393 lasus·

69 1426 164 1508 ceptis
177 1424 337 1490 ordinibus
349 1433 401 1490 aut
410 1411 604 1508 dignitatibus
613 1424 820 1490 ecclesiasticis
830 1422 869 1483 ob
883 1422 941 1484 lale
954 1418 1048 1482 delic-

68 1517 136 1576 tuin
160 1515 367 1596 suspendere,
383 1516 420 1580 ed
442 1515 523 1618 qudd
542 1533 586 1578 eae
606 1533 694 1578 voees
715 1509 998 1594 ectrcjudiucliter,
1013 1507 1049 1570 ab

69 1603 217 1666 occultum
228 1605 594 1687 crimen,prioritanti1m
614 1603 752 1667 membro
765 1601 929 1684 phraseos'
919 1619 995 1681 Jun
978 1619 1049 1662 an·

70 1700 130 1770 tur,
147 1711 210 1755 non
224 1700 324 1756 autern
336 1693 504 1775 posteriori.
520 1693 579 1756 Sed
593 1694 657 1756 haec
671 1691 874 1774 interpretatio
888 1689 1048 1772 reprobata

71 1781 128 1844 luit
141 1782 256 1863 pluries
269 1785 286 1844 t
301 1784 333 1845 S.
348 1784 458 1864 Congu.
474 1783 598 1846 Consilii
616 1802 624 1844 ε

114 1891 131 1930 ιι
145 1875 193 1932 An
207 1871 298 1934 verba
311 1872 361 1934 illa
375 1871 411 1934 ob
424 1871 565 1933 oecultum
574 1873 702 1948 crimen,
715 1867 942 1953 quomodolibet,
957 1867 1047 1931 etiam

70 1977 88 2018 ι
110 1959 398 2042 eetrcjudicicb'ter,
419 1979 558 2044 expressa
577 1960 722 2023 duntaxat
734 1959 766 2021 in
784 1959 881 2040 prinit
896 1963 978 2039 parte
997 1976 1049 2039 pe-

70 2070 87 2108 »
111 2049 204 2128 riodi,
217 2057 396 2112 censeantur
410 2051 534 2132 repetita
548 2051 579 2111 in
593 2047 726 2111 weundt
736 2055 830 2129 parte,
841 2047 916 2108 adeo
930 2051 965 2108 ut
978 2047 1048 2108 inde

70 2139 212 2220 »colligi
245 2139 340 2201 valeat
365 2139 545 2217 praelatum,
578 2137 691 2201 nedum
712 2154 800 2218 posse
829 2135 869 2198 ob
896 2135 1049 2198 occulttun

70 2251 87 2288 ιι
109 2228 228 2290 crimen
247 2227 509 2307 extrajudicialiter
529 2227 707 2290 interdicere
731 2245 786 2288 suo
807 2223 926 2288 subdito
947 2243 1049 2288 ascen·

69 2338 85 2374 a
109 2316 238 2380 suntad
259 2315 392 2394 ordines,
411 2315 463 2380 sed
482 2315 585 2378 itidem
599 2317 639 2379 ob
655 2315 806 2380 oecultum
825 2315 940 2379 crimen
960 2333 1048 2396 posse

69 2427 85 2464 a
109 2405 202 2468 etiarn
226 2405 489 2485 extrajudioiallter
510 2405 595 2468 illurn
618 2404 803 2486 suspendere
828 2404 867 2466 ob
892 2404 1048 2468 ordinibus

69 2517 86 2552 ιι
107 2495 173 2574 jam
192 2495 358 2576 susceptis:
374 2495 454 2557 -S.
471 2495 581 2575 Congr.
597 2493 695 2557 dieat
709 2511 778 2555 nov.
796 2496 885 2568 leet,
896 2512 929 2556 rc
943 2494 1048 2556 sedulo

71 2605 86 2642 ι
109 2584 300 2662 examinata,
324 2585 441 2646 censuit
463 2601 526 2646 non
549 2601 615 2646 csse
635 2582 837 2646 recedendum
858 2582 896 2643 ab
918 2583 1048 2662 antiquis

69 2694 86 2732 ι
109 2671 365 2735 declarationibus
383 2691 475 2754 super
494 2671 552 2735 hoc
577 2671 685 2734 eodem
704 2669 797 2734 dubio
818 2669 931 2755 pluries
953 2671 1046 2746 datis;

69 2781 85 2820 e
110 2779 148 2824 ac
168 2760 298 2844 proinde
326 2761 499 2824 affirmative
524 2760 689 2843 respondit.
711 2783 727 2821 r
752 2761 827 2824 Vide
853 2761 955 2844 plures
975 2763 1048 2826 alias

69 2849 241 2914 decisiones
255 2850 336 2932 apud
350 2851 446 2913 Bouix
461 2849 516 2928 (De
527 2849 640 2927 lucie,
656 2854 678 2912 t.
695 2855 725 2928 2,
740 2871 771 2934 p.
787 2853 945 2936 tto-Bul).

109 2942 202 3002 culs.
227 2939 349 3002 Constat
366 2937 439 3021 ergd
457 2941 521 3002 tltm
544 2958 581 3002 ex
601 2939 714 3002 Concil.
736 2940 870 3008 Trident.
890 2946 984 3026 quam
1011 2963 1047 3006 cx

72 3029 288 3092 auctoritates.
302 3029 334 3088 C.
345 3027 460 3090 Concil.
470 3027 635 3109 Episcopus
649 3027 758 3093 habere
768 3038 943 3114 potestatem
953 3051 990 3096 ex
1001 3033 1047 3094 in-

73 3115 392 3180 formattconscientit
403 3133 464 3178 non
474 3116 573 3180 sellun
587 3117 708 3180 arcendi
722 3119 760 3180 ab
770 3120 928 3183 ordinibus
940 3122 1046 3196 sacris,

69 3205 123 3268 sed
138 3206 231 3268 etiarn
241 3205 446 3288 suspendendi
466 3205 504 3266 ab
522 3205 628 3268 iisdein
646 3206 877 3288 ordinibus'jam
891 3209 1047 3288 susceptis,

70 3297 226 3357 necnonb
245 3295 448 3376 Dignitatibus
468 3293 686 3358 ecelesiasticis.
707 3297 763 3369 Qui
782 3297 860 3359 banc
874 3296 1048 3378 propositio·

71 3401 144 3444 netn
159 3388 317 3466 negarent,
334 3399 495 3447 censuram
505 3383 599 3446 Bullae
608 3385 765 3447 Auctorem
778 3385 849 3467 fidei
859 3401 921 3448 non
935 3383 1048 3467 effuge-

71 3478 156 3550 rent,
173 3472 227 3534 ubi
241 3471 373 3536 dicitur:

115 3563 203 3624 «49.
226 3561 302 3624 Item
322 3580 391 3644 quae
411 3561 535 3626 damnat
547 3567 582 3626 ut
602 3562 701 3626 nullas
714 3569 743 3625 et
765 3558 909 3626 invalidas
922 3581 1049 3647 suspen-

71 3669 88 3708 ι
110 3649 214 3712 aiones
235 3667 274 3712 ex
287 3649 448 3715 inlorrnatt
467 3653 652 3716 conscientie
673 3671 680 3712 ι
705 3651 794 3732 falso,
816 3655 995 3733 pectorosa,
1017 3654 1050 3716 tir

73 3759 90 3800 ι
117 3737 324 3801 tridentinum
338 3739 494 3821 injurioso.
