<?xml version="1.0" encoding="UTF-8"?>
<!DOCTYPE html PUBLIC "-//W3C//DTD XHTML 1.0 Transitional//EN"
    "http://www.w3.org/TR/xhtml1/DTD/xhtml1-transitional.dtd">
<html xmlns="http://www.w3.org/1999/xhtml" xml:lang="en" lang="en">
 <head>
  <title>
</title>
<meta http-equiv="Content-Type" content="text/html;charset=utf-8" />
  <meta name='ocr-system' content='tesseract 3.04.00' />
  <meta name='ocr-capabilities' content='ocr_page ocr_carea ocr_par ocr_line ocrx_word'/>
</head>
<body>
  <div class='ocr_page' id='page_1' title='image "./manualetotiusju02craigoog/manualetotiusju02craigoog_0729.png"; bbox 0 0 2466 4258; ppageno 0'>
   <div class='ocr_carea' id='block_1_1' title="bbox 104 151 972 216">
    <p class='ocr_par' dir='ltr' id='par_1_1' title="bbox 104 151 972 216">
     <span class='ocr_line' id='line_1_1' title="bbox 104 151 972 216; baseline 0.001 -4"><span class='ocrx_word' id='word_1_1' title='bbox 104 161 108 170; x_wconf 89' lang='lat'>·</span> <span class='ocrx_word' id='word_1_2' title='bbox 203 151 261 213; x_wconf 69' lang='lat'><strong>720</strong></span> <span class='ocrx_word' id='word_1_3' title='bbox 414 165 557 214; x_wconf 73' lang='lat' dir='ltr'><strong>uruntur</strong></span> <span class='ocrx_word' id='word_1_4' title='bbox 578 161 683 214; x_wconf 80' lang='lat' dir='ltr'><strong>renus</strong></span> <span class='ocrx_word' id='word_1_5' title='bbox 702 167 782 214; x_wconf 78' lang='lat' dir='ltr'><strong>sonu</strong></span> <span class='ocrx_word' id='word_1_6' title='bbox 802 167 972 216; x_wconf 76' lang='lat' dir='ltr'><strong>ceremon.</strong></span> 
     </span>
    </p>
   </div>
   <div class='ocr_carea' id='block_1_2' title="bbox 201 281 1227 1884">
    <p class='ocr_par' dir='ltr' id='par_1_2' title="bbox 201 281 1227 1080">
     <span class='ocr_line' id='line_1_2' title="bbox 201 281 1190 366; baseline 0.005 -21"><span class='ocrx_word' id='word_1_7' title='bbox 201 281 535 366; x_wconf 78' lang='lat' dir='ltr'><strong>genteretincorrupte</strong></span> <span class='ocrx_word' id='word_1_8' title='bbox 548 282 947 366; x_wconf 83' lang='lat' dir='ltr'><strong>adimplendo,spondens</strong></span> <span class='ocrx_word' id='word_1_9' title='bbox 957 303 997 350; x_wconf 91' lang='lat' dir='ltr'><strong>se</strong></span> <span class='ocrx_word' id='word_1_10' title='bbox 1008 285 1190 352; x_wconf 78' lang='lat' dir='ltr'><strong>omniaroo</strong></span> 
     </span>
     <span class='ocr_line' id='line_1_3' title="bbox 201 370 1227 454; baseline 0.002 -20"><span class='ocrx_word' id='word_1_11' title='bbox 201 382 232 435; x_wconf 90' lang='lat' dir='ltr'><strong>et</strong></span> <span class='ocrx_word' id='word_1_12' title='bbox 247 371 362 452; x_wconf 86' lang='lat' dir='ltr'><strong>scripto</strong></span> <span class='ocrx_word' id='word_1_13' title='bbox 372 370 596 448; x_wconf 89' lang='lat' dir='ltr'><strong>deducturum,</strong></span> <span class='ocrx_word' id='word_1_14' title='bbox 626 391 697 454; x_wconf 90' lang='lat' dir='ltr'><strong>quae</strong></span> <span class='ocrx_word' id='word_1_15' title='bbox 712 371 751 436; x_wconf 87' lang='lat' dir='ltr'><strong>ed</strong></span> <span class='ocrx_word' id='word_1_16' title='bbox 767 371 982 438; x_wconf 82' lang='lat' dir='ltr'><strong>vaiiditatem</strong></span> <span class='ocrx_word' id='word_1_17' title='bbox 1005 376 1192 438; x_wconf 74' lang='lat' dir='ltr'><strong>matrimoni</strong></span> <span class='ocrx_word' id='word_1_18' title='bbox 1226 444 1227 451; x_wconf 8' lang='grc' dir='ltr'>ἵ</span> 
     </span>
     <span class='ocr_line' id='line_1_4' title="bbox 202 459 1193 552; baseline 0.003 -29"><span class='ocrx_word' id='word_1_19' title='bbox 202 459 419 524; x_wconf 89' lang='lat' dir='ltr'><strong>sustinendam</strong></span> <span class='ocrx_word' id='word_1_20' title='bbox 443 460 584 524; x_wconf 80' lang='lat' dir='ltr'><strong>conterre</strong></span> <span class='ocrx_word' id='word_1_21' title='bbox 608 461 820 552; x_wconf 61' lang='lat' dir='ltr'><strong>judicaverit.</strong></span> <span class='ocrx_word' id='word_1_22' title='bbox 841 459 904 526; x_wconf 87' lang='lat' dir='ltr'><strong>Hic</strong></span> <span class='ocrx_word' id='word_1_23' title='bbox 926 465 1142 530; x_wconf 80' lang='lat' dir='ltr'><strong>matrimonii</strong></span> <span class='ocrx_word' id='word_1_24' title='bbox 1156 467 1193 526; x_wconf 82' lang='lat' dir='ltr'><strong>de·</strong></span> 
     </span>
     <span class='ocr_line' id='line_1_5' title="bbox 202 549 1193 636; baseline 0.002 -24"><span class='ocrx_word' id='word_1_25' title='bbox 202 549 308 614; x_wconf 88' lang='lat' dir='ltr'><strong>fensor</strong></span> <span class='ocrx_word' id='word_1_26' title='bbox 322 569 340 613; x_wconf 88' lang='lat' dir='ltr'><strong>a</strong></span> <span class='ocrx_word' id='word_1_27' title='bbox 354 549 552 614; x_wconf 80' lang='lat' dir='ltr'>moderatore</span> <span class='ocrx_word' id='word_1_28' title='bbox 579 557 719 614; x_wconf 86' lang='lat' dir='ltr'><strong>actorum</strong></span> <span class='ocrx_word' id='word_1_29' title='bbox 737 549 888 614; x_wconf 75' lang='lat' dir='ltr'>citandus</span> <span class='ocrx_word' id='word_1_30' title='bbox 904 553 974 616; x_wconf 86' lang='lat' dir='ltr'><strong>erit</strong></span> <span class='ocrx_word' id='word_1_31' title='bbox 993 553 1041 617; x_wconf 93' lang='lat' dir='ltr'><strong>ad</strong></span> <span class='ocrx_word' id='word_1_32' title='bbox 1058 554 1193 636; x_wconf 69' lang='lat' dir='ltr'><strong>quatita:</strong></span> 
     </span>
     <span class='ocr_line' id='line_1_6' title="bbox 202 637 1194 726; baseline -0.001 -23"><span class='ocrx_word' id='word_1_33' title='bbox 202 649 282 715; x_wconf 81' lang='lat' dir='ltr'><strong>acta,</strong></span> <span class='ocrx_word' id='word_1_34' title='bbox 311 657 353 702; x_wconf 87' lang='lat' dir='ltr'><strong>ue</strong></span> <span class='ocrx_word' id='word_1_35' title='bbox 373 637 448 702; x_wconf 89' lang='lat' dir='ltr'><strong>vitio</strong></span> <span class='ocrx_word' id='word_1_36' title='bbox 471 637 627 704; x_wconf 86' lang='lat' dir='ltr'><strong>nullitatis</strong></span> <span class='ocrx_word' id='word_1_37' title='bbox 652 641 844 715; x_wconf 88' lang='lat' dir='ltr'><strong>concidant;</strong></span> <span class='ocrx_word' id='word_1_38' title='bbox 872 641 994 704; x_wconf 90' lang='lat' dir='ltr'><strong>eidem</strong></span> <span class='ocrx_word' id='word_1_39' title='bbox 1029 661 1160 726; x_wconf 88' lang='lat' dir='ltr'><strong>semper</strong></span> <span class='ocrx_word' id='word_1_40' title='bbox 1174 663 1194 704; x_wconf 76' lang='lat' dir='ltr'><strong>e:</strong></span> 
     </span>
     <span class='ocr_line' id='line_1_7' title="bbox 202 727 1194 814; baseline 0.002 -22"><span class='ocrx_word' id='word_1_41' title='bbox 202 727 469 812; x_wconf 78' lang='lat' dir='ltr'><strong>quandocumque</strong></span> <span class='ocrx_word' id='word_1_42' title='bbox 496 736 564 791; x_wconf 90' lang='lat' dir='ltr'><strong>acta</strong></span> <span class='ocrx_word' id='word_1_43' title='bbox 581 747 757 810; x_wconf 72' lang='lat' dir='ltr'><strong>processuS,</strong></span> <span class='ocrx_word' id='word_1_44' title='bbox 770 727 828 791; x_wconf 81' lang='lat' dir='ltr'><strong>etsi</strong></span> <span class='ocrx_word' id='word_1_45' title='bbox 850 731 1018 794; x_wconf 90' lang='lat' dir='ltr'><strong>nondum</strong></span> <span class='ocrx_word' id='word_1_46' title='bbox 1038 733 1194 814; x_wconf 78' lang='lat' dir='ltr'><strong>publicati,</strong></span> 
     </span>
     <span class='ocr_line' id='line_1_8' title="bbox 202 815 1194 903; baseline 0.001 -21"><span class='ocrx_word' id='word_1_47' title='bbox 202 827 296 882; x_wconf 85' lang='lat' dir='ltr'><strong>erunt</strong></span> <span class='ocrx_word' id='word_1_48' title='bbox 323 815 597 898; x_wconf 85' lang='lat' dir='ltr'><strong>communicanda,</strong></span> <span class='ocrx_word' id='word_1_49' title='bbox 625 835 750 900; x_wconf 86' lang='lat' dir='ltr'><strong>semper</strong></span> <span class='ocrx_word' id='word_1_50' title='bbox 770 826 801 881; x_wconf 88' lang='lat' dir='ltr'><strong>et</strong></span> <span class='ocrx_word' id='word_1_51' title='bbox 822 817 1124 903; x_wconf 82' lang='lat' dir='ltr'><strong>quandocumque</strong></span> <span class='ocrx_word' id='word_1_52' title='bbox 1144 825 1194 902; x_wconf 71' lang='lat' dir='ltr'><strong>ejus</strong></span> 
     </span>
     <span class='ocr_line' id='line_1_9' title="bbox 204 905 1186 992; baseline 0 -20"><span class='ocrx_word' id='word_1_53' title='bbox 204 909 321 991; x_wconf 85' lang='lat' dir='ltr'><strong>scripta</strong></span> <span class='ocrx_word' id='word_1_54' title='bbox 342 905 533 989; x_wconf 86' lang='lat' dir='ltr'><strong>recipienda,</strong></span> <span class='ocrx_word' id='word_1_55' title='bbox 560 915 655 988; x_wconf 90' lang='lat' dir='ltr'><strong>atque</strong></span> <span class='ocrx_word' id='word_1_56' title='bbox 676 907 748 970; x_wconf 92' lang='lat' dir='ltr'><strong>novi</strong></span> <span class='ocrx_word' id='word_1_57' title='bbox 774 907 923 982; x_wconf 85' lang='lat' dir='ltr'><strong>tormini,</strong></span> <span class='ocrx_word' id='word_1_58' title='bbox 955 927 1000 974; x_wconf 86' lang='lat' dir='ltr'><strong>eo</strong></span> <span class='ocrx_word' id='word_1_59' title='bbox 1030 911 1186 992; x_wconf 79' lang='lat' dir='ltr'><strong>flagitante</strong></span> 
     </span>
     <span class='ocr_line' id='line_1_10' title="bbox 204 995 1093 1080; baseline 0.006 -21"><span class='ocrx_word' id='word_1_60' title='bbox 204 998 406 1080; x_wconf 80' lang='lat' dir='ltr'><strong>prorogandi,</strong></span> <span class='ocrx_word' id='word_1_61' title='bbox 417 1005 451 1059; x_wconf 92' lang='lat' dir='ltr'><strong>ut</strong></span> <span class='ocrx_word' id='word_1_62' title='bbox 464 1015 501 1059; x_wconf 88' lang='lat' dir='ltr'><strong>en</strong></span> <span class='ocrx_word' id='word_1_63' title='bbox 516 997 632 1078; x_wconf 89' lang='lat' dir='ltr'><strong>scripta</strong></span> <span class='ocrx_word' id='word_1_64' title='bbox 643 995 785 1078; x_wconf 74' lang='lat' dir='ltr'><strong>perficiat</strong></span> <span class='ocrx_word' id='word_1_65' title='bbox 794 1004 894 1076; x_wconf 77' lang='lat' dir='ltr'><strong>atque</strong></span> <span class='ocrx_word' id='word_1_66' title='bbox 906 998 1093 1064; x_wconf 74' lang='lat' dir='ltr'><strong>exhibeat.</strong></span> 
     </span>
    </p>

    <p class='ocr_par' dir='ltr' id='par_1_3' title="bbox 205 1085 1195 1884">
     <span class='ocr_line' id='line_1_11' title="bbox 244 1085 1191 1168; baseline -0.003 -16"><span class='ocrx_word' id='word_1_67' title='bbox 244 1095 273 1152; x_wconf 83' lang='lat' dir='ltr'><strong>e.</strong></span> <span class='ocrx_word' id='word_1_68' title='bbox 290 1087 376 1160; x_wconf 89' lang='lat' dir='ltr'><strong>Quod</strong></span> <span class='ocrx_word' id='word_1_69' title='bbox 391 1087 415 1148; x_wconf 88' lang='lat' dir='ltr'><strong>si</strong></span> <span class='ocrx_word' id='word_1_70' title='bbox 435 1085 477 1148; x_wconf 93' lang='lat' dir='ltr'><strong>ob</strong></span> <span class='ocrx_word' id='word_1_71' title='bbox 503 1085 679 1168; x_wconf 78' lang='lat' dir='ltr'><strong>peculiares</strong></span> <span class='ocrx_word' id='word_1_72' title='bbox 707 1087 973 1164; x_wconf 73' lang='lat' dir='ltr'><strong>circumstantias</strong></span> <span class='ocrx_word' id='word_1_73' title='bbox 1006 1089 1191 1154; x_wconf 70' lang='lat' dir='ltr'><strong>matrimoni</strong></span> 
     </span>
     <span class='ocr_line' id='line_1_12' title="bbox 206 1173 1190 1257; baseline -0.001 -16"><span class='ocrx_word' id='word_1_74' title='bbox 206 1177 351 1242; x_wconf 73' lang='lat' dir='ltr'><strong>defensor</strong></span> <span class='ocrx_word' id='word_1_75' title='bbox 373 1173 506 1256; x_wconf 82' lang='lat' dir='ltr'><strong>singulis</strong></span> <span class='ocrx_word' id='word_1_76' title='bbox 539 1176 616 1238; x_wconf 85' lang='lat' dir='ltr'><strong>actis</strong></span> <span class='ocrx_word' id='word_1_77' title='bbox 635 1175 786 1238; x_wconf 85' lang='lat' dir='ltr'><strong>interesse</strong></span> <span class='ocrx_word' id='word_1_78' title='bbox 815 1176 1023 1257; x_wconf 79' lang='lat' dir='ltr'><strong>nequiverit,</strong></span> <span class='ocrx_word' id='word_1_79' title='bbox 1058 1180 1190 1244; x_wconf 83' lang='lat' dir='ltr'><strong>absolut.</strong></span> 
     </span>
     <span class='ocr_line' id='line_1_13' title="bbox 206 1263 1192 1352; baseline 0.001 -23"><span class='ocrx_word' id='word_1_80' title='bbox 206 1285 354 1352; x_wconf 85' lang='lat' dir='ltr'><strong>processu</strong></span> <span class='ocrx_word' id='word_1_81' title='bbox 380 1265 491 1328; x_wconf 86' lang='lat' dir='ltr'><strong>eadem</strong></span> <span class='ocrx_word' id='word_1_82' title='bbox 520 1263 578 1343; x_wconf 91' lang='lat' dir='ltr'><strong>ipsi</strong></span> <span class='ocrx_word' id='word_1_83' title='bbox 596 1264 774 1337; x_wconf 81' lang='lat' dir='ltr'><strong>tradantur,</strong></span> <span class='ocrx_word' id='word_1_84' title='bbox 797 1272 833 1326; x_wconf 92' lang='lat' dir='ltr'><strong>ut</strong></span> <span class='ocrx_word' id='word_1_85' title='bbox 860 1282 917 1328; x_wconf 88' lang='lat' dir='ltr'><strong>eas</strong></span> <span class='ocrx_word' id='word_1_86' title='bbox 934 1283 1085 1332; x_wconf 83' lang='lat' dir='ltr'><strong>exarare</strong></span> <span class='ocrx_word' id='word_1_87' title='bbox 1117 1281 1192 1346; x_wconf 78' lang='lat' dir='ltr'><strong>queat</strong></span> 
     </span>
     <span class='ocr_line' id='line_1_14' title="bbox 205 1353 1187 1430; baseline -0.002 -10"><span class='ocrx_word' id='word_1_88' title='bbox 205 1353 506 1426; x_wconf 82' lang='lat' dir='ltr'><strong>animadversiones,</strong></span> <span class='ocrx_word' id='word_1_89' title='bbox 532 1369 612 1430; x_wconf 88' lang='lat' dir='ltr'><strong>ques</strong></span> <span class='ocrx_word' id='word_1_90' title='bbox 645 1353 770 1416; x_wconf 83' lang='lat' dir='ltr'><strong>tuendae</strong></span> <span class='ocrx_word' id='word_1_91' title='bbox 799 1354 1011 1418; x_wconf 88' lang='lat' dir='ltr'><strong>matrimonii</strong></span> <span class='ocrx_word' id='word_1_92' title='bbox 1053 1359 1187 1422; x_wconf 77' lang='lat' dir='ltr'><strong>vatidint</strong></span> 
     </span>
     <span class='ocr_line' id='line_1_15' title="bbox 205 1441 1195 1527; baseline -0.005 -17"><span class='ocrx_word' id='word_1_93' title='bbox 205 1445 398 1510; x_wconf 86' lang='lat' dir='ltr'><strong>necessarias</strong></span> <span class='ocrx_word' id='word_1_94' title='bbox 421 1442 635 1523; x_wconf 85' lang='lat' dir='ltr'><strong>judicaverit;</strong></span> <span class='ocrx_word' id='word_1_95' title='bbox 661 1441 687 1504; x_wconf 90' lang='lat' dir='ltr'><strong>si</strong></span> <span class='ocrx_word' id='word_1_96' title='bbox 710 1441 772 1504; x_wconf 83' lang='lat' dir='ltr'><strong>alia</strong></span> <span class='ocrx_word' id='word_1_97' title='bbox 806 1449 879 1504; x_wconf 84' lang='lat' dir='ltr'><strong>aeta</strong></span> <span class='ocrx_word' id='word_1_98' title='bbox 890 1451 1117 1527; x_wconf 80' lang='lat' dir='ltr'><strong>suggesserit,</strong></span> <span class='ocrx_word' id='word_1_99' title='bbox 1142 1449 1195 1508; x_wconf 74' lang='lat' dir='ltr'><strong>be:</strong></span> 
     </span>
     <span class='ocr_line' id='line_1_16' title="bbox 206 1530 1194 1618; baseline -0.001 -20"><span class='ocrx_word' id='word_1_100' title='bbox 206 1532 404 1598; x_wconf 84' lang='lat' dir='ltr'><strong>conficienda</strong></span> <span class='ocrx_word' id='word_1_101' title='bbox 422 1530 554 1593; x_wconf 90' lang='lat' dir='ltr'><strong>omnino</strong></span> <span class='ocrx_word' id='word_1_102' title='bbox 576 1541 692 1608; x_wconf 86' lang='lat' dir='ltr'><strong>crunt;</strong></span> <span class='ocrx_word' id='word_1_103' title='bbox 716 1531 742 1594; x_wconf 90' lang='lat' dir='ltr'><strong>si</strong></span> <span class='ocrx_word' id='word_1_104' title='bbox 763 1548 802 1594; x_wconf 85' lang='lat' dir='ltr'><strong>ex</strong></span> <span class='ocrx_word' id='word_1_105' title='bbox 813 1531 882 1612; x_wconf 88' lang='lat' dir='ltr'><strong>jam</strong></span> <span class='ocrx_word' id='word_1_106' title='bbox 906 1535 1081 1600; x_wconf 85' lang='lat' dir='ltr'><strong>confectis</strong></span> <span class='ocrx_word' id='word_1_107' title='bbox 1095 1539 1194 1618; x_wconf 55' lang='lat' dir='ltr'><strong>dapne</strong></span> 
     </span>
     <span class='ocr_line' id='line_1_17' title="bbox 206 1618 1193 1700; baseline 0.002 -16"><span class='ocrx_word' id='word_1_108' title='bbox 206 1621 354 1684; x_wconf 87' lang='lat' dir='ltr'><strong>henderit</strong></span> <span class='ocrx_word' id='word_1_109' title='bbox 366 1619 444 1682; x_wconf 86' lang='lat' dir='ltr'><strong>alias</strong></span> <span class='ocrx_word' id='word_1_110' title='bbox 458 1618 566 1681; x_wconf 88' lang='lat' dir='ltr'><strong>adesse</strong></span> <span class='ocrx_word' id='word_1_111' title='bbox 580 1635 730 1700; x_wconf 88' lang='lat' dir='ltr'><strong>personas</strong></span> <span class='ocrx_word' id='word_1_112' title='bbox 753 1620 939 1684; x_wconf 84' lang='lat' dir='ltr'><strong>testimonio</strong></span> <span class='ocrx_word' id='word_1_113' title='bbox 967 1622 1112 1692; x_wconf 73' lang='lat' dir='ltr'><strong>ferendo</strong></span> <span class='ocrx_word' id='word_1_114' title='bbox 1139 1622 1193 1688; x_wconf 78' lang='lat' dir='ltr'><strong>ido</strong></span> 
     </span>
     <span class='ocr_line' id='line_1_18' title="bbox 206 1707 1191 1790; baseline -0.001 -16"><span class='ocrx_word' id='word_1_115' title='bbox 206 1729 282 1774; x_wconf 84' lang='lat' dir='ltr'><strong>neas</strong></span> <span class='ocrx_word' id='word_1_116' title='bbox 296 1720 328 1772; x_wconf 91' lang='lat' dir='ltr'><strong>et</strong></span> <span class='ocrx_word' id='word_1_117' title='bbox 346 1717 542 1790; x_wconf 88' lang='lat' dir='ltr'><strong>opportunas</strong></span> <span class='ocrx_word' id='word_1_118' title='bbox 572 1707 942 1787; x_wconf 84' lang='lat' dir='ltr'><strong>nondumexaminatas,</strong></span> <span class='ocrx_word' id='word_1_119' title='bbox 970 1711 1040 1778; x_wconf 83' lang='lat' dir='ltr'><strong>has</strong></span> <span class='ocrx_word' id='word_1_120' title='bbox 1067 1713 1191 1780; x_wconf 77' lang='lat' dir='ltr'><strong>examini</strong></span> 
     </span>
     <span class='ocr_line' id='line_1_19' title="bbox 206 1797 600 1884; baseline -0.013 -19"><span class='ocrx_word' id='word_1_121' title='bbox 206 1797 422 1882; x_wconf 79' lang='lat' dir='ltr'><strong>subjiciendas</strong></span> <span class='ocrx_word' id='word_1_122' title='bbox 436 1807 600 1884; x_wconf 86' lang='lat' dir='ltr'><strong>proponet.</strong></span> 
     </span>
    </p>
   </div>
   <div class='ocr_carea' id='block_1_3' title="bbox 552 2010 837 2082">
    <p class='ocr_par' dir='ltr' id='par_1_4' title="bbox 552 2010 837 2082">
     <span class='ocr_line' id='line_1_20' title="bbox 552 2010 837 2082; baseline -0.007 -24"><span class='ocrx_word' id='word_1_123' title='bbox 552 2011 675 2082; x_wconf 69' lang='lat' dir='ltr'><strong>cnutus</strong></span> <span class='ocrx_word' id='word_1_124' title='bbox 690 2010 837 2076; x_wconf 50' lang='lat' dir='ltr'><strong>„coortos</strong></span> 
     </span>
    </p>
   </div>
   <div class='ocr_carea' id='block_1_4' title="bbox 331 2143 1081 2226">
    <p class='ocr_par' dir='ltr' id='par_1_5' title="bbox 331 2143 1081 2226">
     <span class='ocr_line' id='line_1_21' title="bbox 331 2143 1081 2226; baseline -0.007 -13"><span class='ocrx_word' id='word_1_125' title='bbox 331 2149 375 2214; x_wconf 88' lang='lat' dir='ltr'><strong>De</strong></span> <span class='ocrx_word' id='word_1_126' title='bbox 397 2143 531 2211; x_wconf 81' lang='lat' dir='ltr'><strong>mettodo</strong></span> <span class='ocrx_word' id='word_1_127' title='bbox 547 2145 699 2226; x_wconf 80' lang='lat' dir='ltr'><strong>sequendo</strong></span> <span class='ocrx_word' id='word_1_128' title='bbox 712 2145 746 2208; x_wconf 85' lang='lat' dir='ltr'><strong>io</strong></span> <span class='ocrx_word' id='word_1_129' title='bbox 766 2143 844 2208; x_wconf 81' lang='lat' dir='ltr'><strong>uotis</strong></span> <span class='ocrx_word' id='word_1_130' title='bbox 862 2143 1081 2225; x_wconf 75' lang='lat' dir='ltr'><strong>conficiendis.</strong></span> 
     </span>
    </p>
   </div>
   <div class='ocr_carea' id='block_1_5' title="bbox 209 2323 1227 3484">
    <p class='ocr_par' dir='ltr' id='par_1_6' title="bbox 209 2323 1227 3126">
     <span class='ocr_line' id='line_1_22' title="bbox 250 2323 1193 2401; baseline -0.006 -9"><span class='ocrx_word' id='word_1_131' title='bbox 250 2327 301 2392; x_wconf 81' lang='lat'><strong>10.</strong></span> <span class='ocrx_word' id='word_1_132' title='bbox 332 2325 509 2391; x_wconf 84' lang='lat' dir='ltr'><strong>Constituto</strong></span> <span class='ocrx_word' id='word_1_133' title='bbox 530 2323 694 2401; x_wconf 83' lang='lat' dir='ltr'><strong>tribunali,</strong></span> <span class='ocrx_word' id='word_1_134' title='bbox 721 2323 790 2386; x_wconf 82' lang='lat' dir='ltr'><strong>haec</strong></span> <span class='ocrx_word' id='word_1_135' title='bbox 816 2329 962 2385; x_wconf 88' lang='lat' dir='ltr'><strong>actorum</strong></span> <span class='ocrx_word' id='word_1_136' title='bbox 978 2323 1193 2388; x_wconf 79' lang='lat' dir='ltr'><strong>conficiendo</strong></span> 
     </span>
     <span class='ocr_line' id='line_1_23' title="bbox 209 2410 1227 2493; baseline -0.013 -9"><span class='ocrx_word' id='word_1_137' title='bbox 209 2437 281 2484; x_wconf 86' lang='lat' dir='ltr'><strong>rum</strong></span> <span class='ocrx_word' id='word_1_138' title='bbox 305 2418 383 2481; x_wconf 85' lang='lat' dir='ltr'><strong>ratio</strong></span> <span class='ocrx_word' id='word_1_139' title='bbox 409 2416 546 2478; x_wconf 84' lang='lat' dir='ltr'><strong>tenenda</strong></span> <span class='ocrx_word' id='word_1_140' title='bbox 571 2414 641 2476; x_wconf 90' lang='lat' dir='ltr'><strong>erit.</strong></span> <span class='ocrx_word' id='word_1_141' title='bbox 674 2412 721 2477; x_wconf 85' lang='lat' dir='ltr'><strong>Ab</strong></span> <span class='ocrx_word' id='word_1_142' title='bbox 736 2410 887 2476; x_wconf 86' lang='lat' dir='ltr'><strong>omnibus</strong></span> <span class='ocrx_word' id='word_1_143' title='bbox 903 2423 935 2474; x_wconf 93' lang='lat' dir='ltr'><strong>et</strong></span> <span class='ocrx_word' id='word_1_144' title='bbox 959 2412 1193 2493; x_wconf 79' lang='lat' dir='ltr'><strong>singulistesti·</strong></span> <span class='ocrx_word' id='word_1_145' title='bbox 1223 2470 1227 2481; x_wconf 81' lang='grc'><em>,</em></span> 
     </span>
     <span class='ocr_line' id='line_1_24' title="bbox 210 2502 1193 2584; baseline -0.009 -11"><span class='ocrx_word' id='word_1_146' title='bbox 210 2512 353 2573; x_wconf 87' lang='lat' dir='ltr'><strong>monium</strong></span> <span class='ocrx_word' id='word_1_147' title='bbox 376 2505 507 2569; x_wconf 86' lang='lat' dir='ltr'><strong>dicturis</strong></span> <span class='ocrx_word' id='word_1_148' title='bbox 533 2503 709 2567; x_wconf 85' lang='lat' dir='ltr'><strong>moderator</strong></span> <span class='ocrx_word' id='word_1_149' title='bbox 724 2513 868 2566; x_wconf 86' lang='lat' dir='ltr'><strong>actorum</strong></span> <span class='ocrx_word' id='word_1_150' title='bbox 882 2509 961 2563; x_wconf 86' lang='lat' dir='ltr'><strong>ante</strong></span> <span class='ocrx_word' id='word_1_151' title='bbox 981 2502 1193 2584; x_wconf 82' lang='lat' dir='ltr'><strong>omniaJ&#39;ura·</strong></span> 
     </span>
     <span class='ocr_line' id='line_1_25' title="bbox 209 2589 1191 2676; baseline -0.008 -14"><span class='ocrx_word' id='word_1_152' title='bbox 209 2610 353 2662; x_wconf 88' lang='lat' dir='ltr'><strong>mentum</strong></span> <span class='ocrx_word' id='word_1_153' title='bbox 367 2595 517 2676; x_wconf 81' lang='lat' dir='ltr'><strong>exigetde</strong></span> <span class='ocrx_word' id='word_1_154' title='bbox 531 2593 660 2658; x_wconf 85' lang='lat' dir='ltr'><strong>veritate</strong></span> <span class='ocrx_word' id='word_1_155' title='bbox 672 2591 819 2667; x_wconf 85' lang='lat' dir='ltr'><strong>dicenda,</strong></span> <span class='ocrx_word' id='word_1_156' title='bbox 834 2599 865 2652; x_wconf 85' lang='lat' dir='ltr'><strong>et</strong></span> <span class='ocrx_word' id='word_1_157' title='bbox 879 2589 907 2652; x_wconf 87' lang='lat' dir='ltr'><strong>si</strong></span> <span class='ocrx_word' id='word_1_158' title='bbox 918 2589 963 2652; x_wconf 88' lang='lat' dir='ltr'><strong>ita</strong></span> <span class='ocrx_word' id='word_1_159' title='bbox 975 2608 1030 2654; x_wconf 85' lang='lat' dir='ltr'><strong>res</strong></span> <span class='ocrx_word' id='word_1_160' title='bbox 1045 2593 1191 2674; x_wconf 82' lang='lat' dir='ltr'><strong>postulet.</strong></span> 
     </span>
     <span class='ocr_line' id='line_1_26' title="bbox 209 2679 1192 2766; baseline -0.012 -14"><span class='ocrx_word' id='word_1_161' title='bbox 209 2690 303 2752; x_wconf 88' lang='lat' dir='ltr'><strong>ctiam</strong></span> <span class='ocrx_word' id='word_1_162' title='bbox 325 2688 498 2752; x_wconf 87' lang='lat' dir='ltr'><strong>desecreto</strong></span> <span class='ocrx_word' id='word_1_163' title='bbox 524 2683 690 2759; x_wconf 86' lang='lat' dir='ltr'><strong>servando,</strong></span> <span class='ocrx_word' id='word_1_164' title='bbox 721 2679 885 2766; x_wconf 84' lang='lat' dir='ltr'><strong>praemissa</strong></span> <span class='ocrx_word' id='word_1_165' title='bbox 916 2697 1069 2759; x_wconf 78' lang='lat' dir='ltr'><strong>congrua</strong></span> <span class='ocrx_word' id='word_1_166' title='bbox 1094 2681 1192 2744; x_wconf 89' lang='lat' dir='ltr'><strong>moni·</strong></span> 
     </span>
     <span class='ocr_line' id='line_1_27' title="bbox 210 2769 1190 2856; baseline -0.012 -15"><span class='ocrx_word' id='word_1_167' title='bbox 210 2777 345 2842; x_wconf 89' lang='lat' dir='ltr'><strong>tionede</strong></span> <span class='ocrx_word' id='word_1_168' title='bbox 356 2775 529 2856; x_wconf 83' lang='lat' dir='ltr'><strong>juramenti</strong></span> <span class='ocrx_word' id='word_1_169' title='bbox 544 2776 721 2846; x_wconf 79' lang='lat' dir='ltr'><strong>sanctitate,</strong></span> <span class='ocrx_word' id='word_1_170' title='bbox 739 2769 912 2854; x_wconf 73' lang='lat' dir='ltr'><strong>presertim</strong></span> <span class='ocrx_word' id='word_1_171' title='bbox 930 2770 957 2832; x_wconf 89' lang='lat' dir='ltr'><strong>si</strong></span> <span class='ocrx_word' id='word_1_172' title='bbox 986 2769 1190 2834; x_wconf 82' lang='lat' dir='ltr'><strong>examinandi</strong></span> 
     </span>
     <span class='ocr_line' id='line_1_28' title="bbox 210 2858 1190 2946; baseline -0.014 -14"><span class='ocrx_word' id='word_1_173' title='bbox 210 2869 305 2932; x_wconf 86' lang='lat' dir='ltr'><strong>rudes</strong></span> <span class='ocrx_word' id='word_1_174' title='bbox 327 2868 390 2928; x_wconf 84' lang='lat' dir='ltr'><strong>sint</strong></span> <span class='ocrx_word' id='word_1_175' title='bbox 402 2874 432 2927; x_wconf 88' lang='lat' dir='ltr'><strong>et</strong></span> <span class='ocrx_word' id='word_1_176' title='bbox 446 2865 558 2946; x_wconf 80' lang='lat' dir='ltr'><strong>ignari.</strong></span> <span class='ocrx_word' id='word_1_177' title='bbox 586 2861 806 2926; x_wconf 80' lang='lat' dir='ltr'><strong>iuramentum</strong></span> <span class='ocrx_word' id='word_1_178' title='bbox 820 2858 1047 2939; x_wconf 69' lang='lat' dir='ltr'><strong>praestandum</strong></span> <span class='ocrx_word' id='word_1_179' title='bbox 1066 2861 1190 2922; x_wconf 79' lang='lat' dir='ltr'><strong>antiac-</strong></span> 
     </span>
     <span class='ocr_line' id='line_1_29' title="bbox 211 2945 1180 3034; baseline -0.021 -12"><span class='ocrx_word' id='word_1_180' title='bbox 211 2957 249 3022; x_wconf 90' lang='lat' dir='ltr'><strong>tis</strong></span> <span class='ocrx_word' id='word_1_181' title='bbox 267 2953 386 3018; x_wconf 87' lang='lat' dir='ltr'><strong>sanctis</strong></span> <span class='ocrx_word' id='word_1_182' title='bbox 400 2951 590 3034; x_wconf 82' lang='lat' dir='ltr'><strong>Evangeliis,</strong></span> <span class='ocrx_word' id='word_1_183' title='bbox 608 2958 639 3014; x_wconf 85' lang='lat' dir='ltr'><strong>et</strong></span> <span class='ocrx_word' id='word_1_184' title='bbox 655 2951 688 3013; x_wconf 91' lang='lat' dir='ltr'><strong>in</strong></span> <span class='ocrx_word' id='word_1_185' title='bbox 704 2947 838 3030; x_wconf 83' lang='lat' dir='ltr'><strong>singuiis</strong></span> <span class='ocrx_word' id='word_1_186' title='bbox 861 2945 1065 3011; x_wconf 80' lang='lat' dir='ltr'><strong>examinibus</strong></span> <span class='ocrx_word' id='word_1_187' title='bbox 1078 2946 1180 3008; x_wconf 82' lang='lat' dir='ltr'><strong>eodem</strong></span> 
     </span>
     <span class='ocr_line' id='line_1_30' title="bbox 213 3043 551 3126; baseline -0.027 -17"><span class='ocrx_word' id='word_1_188' title='bbox 213 3045 307 3110; x_wconf 87' lang='lat' dir='ltr'><strong>modo</strong></span> <span class='ocrx_word' id='word_1_189' title='bbox 332 3043 551 3126; x_wconf 88' lang='lat' dir='ltr'><strong>repetendum.</strong></span> 
     </span>
    </p>

    <p class='ocr_par' dir='ltr' id='par_1_7' title="bbox 213 3127 1192 3484">
     <span class='ocr_line' id='line_1_31' title="bbox 253 3127 1189 3210; baseline -0.016 -13"><span class='ocrx_word' id='word_1_190' title='bbox 253 3135 301 3198; x_wconf 82' lang='lat' dir='ltr'><strong>tt.</strong></span> <span class='ocrx_word' id='word_1_191' title='bbox 321 3135 378 3210; x_wconf 88' lang='lat' dir='ltr'><strong>Qui</strong></span> <span class='ocrx_word' id='word_1_192' title='bbox 407 3131 543 3195; x_wconf 85' lang='lat' dir='ltr'><strong>examini</strong></span> <span class='ocrx_word' id='word_1_193' title='bbox 561 3127 753 3206; x_wconf 82' lang='lat' dir='ltr'><strong>subiiciendi</strong></span> <span class='ocrx_word' id='word_1_194' title='bbox 780 3133 866 3200; x_wconf 83' lang='lat' dir='ltr'><strong>sunt,</strong></span> <span class='ocrx_word' id='word_1_195' title='bbox 901 3141 1053 3190; x_wconf 82' lang='lat' dir='ltr'><strong>seorsum</strong></span> <span class='ocrx_word' id='word_1_196' title='bbox 1073 3140 1189 3206; x_wconf 81' lang='lat' dir='ltr'><strong>semper</strong></span> 
     </span>
     <span class='ocr_line' id='line_1_32' title="bbox 213 3213 1191 3290; baseline -0.018 -2"><span class='ocrx_word' id='word_1_197' title='bbox 213 3218 391 3288; x_wconf 83' lang='lat' dir='ltr'><strong>audiantur.</strong></span> <span class='ocrx_word' id='word_1_198' title='bbox 410 3221 506 3284; x_wconf 89' lang='lat' dir='ltr'><strong>Porro</strong></span> <span class='ocrx_word' id='word_1_199' title='bbox 521 3219 730 3280; x_wconf 83' lang='lat' dir='ltr'><strong>cancellarius</strong></span> <span class='ocrx_word' id='word_1_200' title='bbox 749 3213 916 3280; x_wconf 90' lang='lat' dir='ltr'><strong>adnotabit</strong></span> <span class='ocrx_word' id='word_1_201' title='bbox 933 3213 1037 3290; x_wconf 85' lang='lat' dir='ltr'><strong>diem,</strong></span> <span class='ocrx_word' id='word_1_202' title='bbox 1058 3229 1191 3277; x_wconf 82' lang='lat' dir='ltr'><strong>mensem</strong></span> 
     </span>
     <span class='ocr_line' id='line_1_33' title="bbox 214 3303 1191 3390; baseline -0.018 -12"><span class='ocrx_word' id='word_1_203' title='bbox 214 3321 246 3378; x_wconf 86' lang='lat' dir='ltr'><strong>et</strong></span> <span class='ocrx_word' id='word_1_204' title='bbox 268 3329 389 3376; x_wconf 90' lang='lat' dir='ltr'><strong>annum</strong></span> <span class='ocrx_word' id='word_1_205' title='bbox 417 3305 588 3390; x_wconf 84' lang='lat' dir='ltr'><strong>cujuslibet</strong></span> <span class='ocrx_word' id='word_1_206' title='bbox 627 3305 796 3377; x_wconf 83' lang='lat' dir='ltr'><strong>examinis,</strong></span> <span class='ocrx_word' id='word_1_207' title='bbox 818 3319 878 3364; x_wconf 90' lang='lat' dir='ltr'><strong>nec</strong></span> <span class='ocrx_word' id='word_1_208' title='bbox 906 3319 974 3366; x_wconf 89' lang='lat' dir='ltr'><strong>non</strong></span> <span class='ocrx_word' id='word_1_209' title='bbox 997 3303 1191 3384; x_wconf 72' lang='lat' dir='ltr'><strong>singulorum</strong></span> 
     </span>
     <span class='ocr_line' id='line_1_34' title="bbox 214 3391 1192 3484; baseline -0.017 -18"><span class='ocrx_word' id='word_1_210' title='bbox 214 3421 342 3480; x_wconf 74' lang='lat' dir='ltr'><strong>nomen,</strong></span> <span class='ocrx_word' id='word_1_211' title='bbox 372 3415 561 3484; x_wconf 81' lang='lat' dir='ltr'><strong>cognomen,</strong></span> <span class='ocrx_word' id='word_1_212' title='bbox 590 3403 725 3470; x_wconf 71' lang='lat' dir='ltr'><strong>etatem,</strong></span> <span class='ocrx_word' id='word_1_213' title='bbox 756 3391 990 3468; x_wconf 81' lang='lat' dir='ltr'><strong>conditionem,</strong></span> <span class='ocrx_word' id='word_1_214' title='bbox 1016 3399 1152 3466; x_wconf 84' lang='lat' dir='ltr'><strong>statum,</strong></span> <span class='ocrx_word' id='word_1_215' title='bbox 1169 3404 1192 3450; x_wconf 80' lang='lat' dir='ltr'><strong>et</strong></span> 
     </span>
    </p>
   </div>
   <div class='ocr_carea' id='block_1_6' title="bbox 215 3483 1193 3588">
    <p class='ocr_par' dir='ltr' id='par_1_8' title="bbox 215 3483 1193 3588">
     <span class='ocr_line' id='line_1_35' title="bbox 215 3483 1193 3588; baseline -0.017 -33"><span class='ocrx_word' id='word_1_216' title='bbox 215 3495 361 3578; x_wconf 82' lang='lat' dir='ltr'><strong>patriam,</strong></span> <span class='ocrx_word' id='word_1_217' title='bbox 372 3501 402 3555; x_wconf 85' lang='lat' dir='ltr'><strong>et</strong></span> <span class='ocrx_word' id='word_1_218' title='bbox 415 3491 510 3554; x_wconf 88' lang='lat' dir='ltr'><strong>etiam</strong></span> <span class='ocrx_word' id='word_1_219' title='bbox 525 3487 612 3584; x_wconf 82' lang='lat' dir='ltr'><strong>quod</strong></span> <span class='ocrx_word' id='word_1_220' title='bbox 624 3486 838 3565; x_wconf 86' lang='lat' dir='ltr'><strong>jurameutum</strong></span> <span class='ocrx_word' id='word_1_221' title='bbox 854 3499 961 3588; x_wconf 78' lang='lat' dir='ltr'><strong>revera</strong></span> <span class='ocrx_word' id='word_1_222' title='bbox 979 3483 1193 3563; x_wconf 66' lang='lat' dir='ltr'><strong>prostiterint.</strong></span> 
     </span>
    </p>
   </div>
   <div class='ocr_carea' id='block_1_7' title="bbox 0 0 1253 4258">
    <p class='ocr_par' dir='ltr' id='par_1_9' title="bbox 0 0 1253 4258">
     <span class='ocr_line' id='line_1_36' title="bbox 0 0 1253 4258; baseline 0 0"><span class='ocrx_word' id='word_1_223' title='bbox 0 0 1253 4258; x_wconf 95' lang='lat' dir='ltr'><strong> </strong></span> 
     </span>
    </p>
   </div>
   <div class='ocr_carea' id='block_1_8' title="bbox 1230 1349 1235 1920">
    <p class='ocr_par' dir='ltr' id='par_1_10' title="bbox 1230 1349 1235 1920">
     <span class='ocr_line' id='line_1_37' title="bbox 1230 1349 1235 1920; baseline 0 0"><span class='ocrx_word' id='word_1_224' title='bbox 1230 1349 1235 1920; x_wconf 95' lang='lat' dir='ltr'><strong> </strong></span> 
     </span>
    </p>
   </div>
  </div>
 </body>
</html>
