2526 3988
239 249 280 312 tt
457 261 598 311 utrumn
618 262 722 310 corius
741 264 822 311 rums
844 262 991 312 ursonio.

285 383 374 443 5511.
396 379 553 461 Multiplici
572 379 663 442 modo
681 378 826 460 distingui
842 386 969 462 possunt
981 377 1101 461 judices
1113 379 1221 445 ecclo-

242 467 351 532 siastici
366 486 376 530 t

282 563 313 623 l·
334 558 394 621 Alii
408 560 482 623 tutes
495 568 565 622 sunt
580 579 617 622 en
625 561 699 643 jure
712 561 827 638 divino,
843 565 934 642 prout
947 561 1028 642 Pcpe
1040 559 1072 621 in
1087 559 1216 624 univesa

240 648 336 712 solem
350 647 515 712 Ecclesiam
529 656 560 712 et
571 651 672 731 quood
691 669 799 713 omnes
810 667 916 712 cousus
933 649 1168 726 ecclesiastices,
1185 659 1220 713 et

240 738 379 820 Episcopi
393 737 719 819 quandocollegiuliter
731 740 869 816 judicent
883 756 953 800 cum
969 757 1025 799 suo
1040 737 1139 819 cupite
1156 739 1217 800 lto-

240 842 331 888 mano
343 825 499 890 Pontifice.
514 827 658 889 Anctiam
671 828 745 890 toles
757 829 816 890 sint
829 827 1003 889 immediate
1009 827 1080 907 jure
1093 825 1214 904 diuino,

241 931 450 998 unusquisque
463 931 495 976 m
508 918 631 997 proprio
643 921 779 993 droeccsr,
793 919 919 997 questro
937 919 982 976 est
1003 917 1218 989 controversa,

241 1011 270 1067 et
284 1003 422 1068 nondum
436 1002 492 1066 tuit
501 1005 640 1084 expresse
649 1003 782 1066 definita.
793 1003 897 1066 Ceteri
908 1001 1132 1081 autemjudices
1141 1020 1221 1082 prae·

240 1099 286 1155 ter
301 1095 503 1168 memoratos,
518 1097 589 1153 sunt
602 1090 747 1154 duntaxat
748 1092 833 1173 juris
839 1089 974 1173 positivi,

281 1185 313 1240 2⁰
328 1179 385 1241 Alii
399 1178 653 1260 suntsinpclcrec,
667 1179 693 1241 si
708 1197 818 1263 nempe
831 1179 888 1241 soli
898 1177 1072 1258 judicialem
1088 1184 1219 1260 potesta-

243 1275 306 1329 tem
319 1268 435 1330 valcant
448 1285 604 1344 exercerc;
620 1267 670 1330 alii
683 1274 755 1331 sunt
763 1267 906 1331 collectivi
913 1267 937 1329 si
946 1267 1027 1330 hanc
1039 1273 1222 1348 potestatem

245 1377 305 1418 non
321 1356 474 1438 possident
496 1363 646 1437 quatenus
665 1357 794 1438 singuli,
811 1357 864 1420 sed
877 1357 977 1418 solium
989 1362 1142 1437 quotenus
1154 1358 1222 1420 col·

244 1445 326 1520 lecti,
343 1452 433 1528 prout
445 1445 700 1526 congregationes
714 1443 928 1508 Gordinelium.

283 1537 373 1596 5511.
386 1568 426 1579 -
439 1537 472 1596 3⁹
487 1533 542 1595 dlii
557 1541 628 1596 sunt
650 1534 793 1596 ordinarii
807 1535 858 1616 qui
874 1537 1049 1616 potestatem
1060 1532 1222 1614 judicandi

244 1623 355 1685 habent
369 1642 405 1684 ex
417 1623 486 1702 iure
499 1623 619 1685 muneri
643 1640 698 1686 suo
711 1641 850 1700 cunero,
874 1629 905 1684 et
924 1623 1073 1685 ordinarie
1092 1632 1226 1706 possunt

245 1712 393 1792 delegare.
410 1712 544 1774 Dicimus
560 1710 732 1791 ordinarii,
748 1711 819 1794 quio
839 1711 945 1773 Vicarii
965 1711 1224 1793 GenernlesEpis

246 1819 390 1882 coporum
406 1847 415 1878 ,
430 1800 483 1861 etsi
495 1799 612 1880 indices
626 1799 785 1879 ordinarii,
802 1818 864 1863 non
878 1799 990 1862 habent
1001 1807 1103 1863 tamen
1117 1807 1222 1881 potes·

245 1896 335 1951 tatem
348 1888 506 1969 delegandi
522 1907 608 1950 suem
620 1889 774 1968 judicandi
790 1888 972 1952 facultatem.
990 1887 1047 1949 Alii
1058 1895 1129 1950 sunt
1141 1888 1224 1952 dele-

247 1978 306 2058 3911
320 2026 328 2056 ,
343 1979 405 2040 sive
419 1977 457 2040 eb
471 1975 595 2040 homine
608 2025 616 2054 ‚
631 1980 692 2040 sive
706 1980 724 2040 it
742 1979 819 2059 lege,
834 1983 865 2040 et
878 1984 1053 2058 potestatem
1063 1977 1223 2058 judicondr

247 2085 308 2130 non
323 2068 465 2150 proprio,
487 2067 541 2129 sed
559 2067 681 2128 alterius
702 2067 826 2129 nomine
844 2065 1035 2128 solummodo
1056 2077 1222 2129 exercent:

247 2159 291 2219 sic
304 2175 384 2238 scope
397 2157 429 2218 in
443 2155 620 2218 Tridentino
639 2155 758 2236 ipsimet
780 2155 922 2237 Episcopi
942 2153 980 2218 cd
998 2161 1081 2218 certa
1101 2158 1225 2239 negotia

248 2243 430 2326 deputontur
444 2251 590 2325 tunquam
600 2242 728 2324 delegati
742 2242 828 2306 Sedis
843 2243 1021 2324 Apostolicae
1029 2249 1059 2306 91
1067 2250 1143 2308 tunc
1152 2255 1226 2308 sunt

248 2332 375 2414 delegati
386 2331 483 2415 cijure
497 2349 549 2394 seu
565 2331 641 2412 lege3
658 2333 710 2414 qui
724 2331 932 2414 deputanturt
938 2333 1090 2413 iudicibus
1102 2334 1227 2398 ordinu-

249 2421 301 2483 riis
314 2428 385 2484 sunt
398 2421 526 2502 delegati
540 2419 578 2482 ob
591 2421 717 2484 dominc.

289 2513 379 2573 5513.
391 2515 472 2574 ---1ο
482 2510 604 2574 ludices
618 2510 750 2574 allisum
763 2515 984 2594 competentes,
995 2511 1119 2594 quondo
1131 2531 1228 2578 cuusa

249 2601 384 2683 ipsorum
397 2599 597 2681 jurisdictioni
611 2601 762 2680 subjacet,
781 2607 812 2663 ct
825 2601 908 2663 nullo
925 2599 1009 2662 adest
1026 2600 1228 2664 circumsten-

250 2691 290 2751 tia
304 2689 344 2750 olr
359 2707 451 2771 quem
470 2687 686 2770 prohibeantur
705 2689 885 2752 sententiam
908 2688 1058 2771 prolerrc3
1081 2690 1132 2752 olii
1153 2695 1228 2753 vero

251 2784 321 2840 sunt
343 2779 603 2858 incompetentes,
627 2777 749 2858 quando
771 2777 816 2840 vel
840 2779 974 2860 ipsorum
995 2777 1165 2858 jurisdictio
1187 2781 1227 2842 ud

251 2884 372 2928 causam
388 2883 449 2927 non
464 2883 529 2928 sese
543 2865 697 2944 extendit,
718 2867 764 2929 vel
779 2865 863 2929 adest
880 2868 981 2948 ulique
1000 2867 1227 2932 circumstantis

252 2954 292 3016 ob
305 2973 398 3036 quam
412 2956 428 3015 1
443 2953 509 3035 lege
523 2955 655 3017 irritatur
665 2973 770 3018 eorum
785 2957 941 3018 sententia.

292 3045 382 3105 5511.
397 3048 435 3088 -‘-
449 3047 481 3106 5ο
496 3041 554 3104 Alii
567 3051 637 3105 sunt
650 3044 770 3125 proprie
784 3043 855 3106 dicti
870 3045 922 3126 qui
943 3046 960 3107 1
979 3043 1113 3126 legitimi
1126 3053 1228 3110 aucto

253 3131 339 3196 ritate
352 3130 589 3207 constituuntur3
600 3131 649 3193 ulii
663 3131 763 3194 solum
772 3132 882 3195 arbitri
891 3133 942 3215 qui
957 3131 1174 3214 dlltiguntibus
1188 3136 1227 3198 ad

253 3237 350 3282 cousae
363 3218 548 3282 decisionem
561 3219 725 3301 eliguntur.

281 3310 397 3373 Arbitri
409 3319 513 3372 eutem
529 3307 755 3387 aliisuntquos
781 3304 841 3386 ipsi
854 3304 1017 3388 litigantes
1025 3301 1163 3384 eligunt,
1175 3323 1232 3366 ne-

244 3403 329 3463 mine
340 3400 484 3482 jubeutc,
501 3397 651 3478 etaliiqui
666 3397 734 3476 lege
748 3395 793 3456 rel
806 3403 923 3457 statuto
937 3394 1158 3474 precipiente,
1174 3393 1233 3455 eli·

243 3501 361 3571 guntur
377 3510 385 3564 ;
404 3489 522 3570 priores
548 3485 702 3548 dicuntur
728 3483 912 3556 voluntarii,
941 3484 1133 3562 posteriores
1161 3483 1235 3545 vero

244 3571 1232 3650 necessarii.Arbitriocinntcriinullamhubentjurisdlctionem

246 3667 406 3750 publicem
424 3666 453 3726 iu
463 3664 535 3742 jure
546 3679 679 3725 rontano
694 3659 796 3739 (secus
810 3659 841 3721 in
852 3662 922 3739 jure
938 3668 1045 3722 nostro
1058 3658 1187 3742 gallico,
1200 3669 1232 3722 ut
