2548 3988
152 253 211 314 331
377 260 515 316 renuite
533 270 634 317 renus
654 269 736 316 ruris
756 267 903 315 cinomcr.
969 236 987 252 ''

191 371 283 431 uteo.
299 401 338 412 -
351 369 401 430 lll.
417 367 570 430 denuost
589 367 717 430 collitus
734 385 882 430 eenmroe:
895 381 1023 428 censure
1041 361 1127 426 enim

152 476 216 520 non
226 457 358 520 existens
367 473 430 518 non
441 455 552 537 obligat
562 504 570 534 ,
581 455 685 518 saltem
695 475 732 518 ex
745 474 794 518 se:
807 455 901 518 Glem.
914 458 945 529 2,
956 453 990 516 de
999 459 1126 516 sentent.

153 555 183 608 et
195 544 333 628 rejudic.
350 544 425 607 Vide
438 543 513 608 duas
527 545 695 608 decisiones
713 547 744 608 S.
760 545 855 626 Gorg.
872 544 979 622 Gonu,
994 545 1032 608 15
1046 547 1124 624 sept

154 638 233 699 1806
246 641 276 697 et
289 638 328 696 nt
341 639 429 696 murt.
448 636 536 706 1163,
553 637 570 696 e
584 635 620 696 D.
637 634 780 697 Stremlcr
793 633 896 696 citatas
910 633 977 712 (it,
992 652 1025 715 p.
1038 628 1128 710 221).

194 723 290 788 Nullae
310 729 412 786 autern
432 741 498 786 esse
512 727 640 805 possunt
662 741 820 786 censure:
846 726 876 784 l⁰
897 721 1024 786 delectu
1034 720 1130 800 juris-

153 813 293 877 dictionis
320 831 357 897 11
385 817 468 895 parte
495 811 648 875 terentis:
682 811 765 894 quod
795 812 971 893 contingere
997 816 1130 892 potest,

153 908 207 966 aut
230 920 267 965 ex
292 921 329 965 eo
351 899 433 984 quod
457 899 623 981 jurisdictio
648 900 817 983 Superioris
842 901 881 962 sit
908 902 925 962 1
950 899 1019 978 jure
1046 897 1130 958 limi-

152 997 233 1070 tata,
255 997 307 1055 aut
332 989 403 1072 quic
416 1008 471 1072 per
492 1008 635 1054 censuras
655 996 700 1054 est
717 988 878 1072 impedite,
894 993 947 1051 eut
968 985 1132 1070 appellatio

153 1081 212 1144 luit
224 1079 400 1162 interposita
413 1084 576 1160 autequam
590 1097 718 1143 censure
732 1078 822 1141 luerit
834 1078 911 1154 luto,
927 1084 979 1140 rut
996 1075 1132 1158 denique

154 1170 227 1252 quia
241 1185 370 1231 censura
383 1167 415 1228 in
429 1186 490 1230 non
506 1167 660 1231 subditum
674 1167 789 1251 prolatu
802 1167 873 1244 suit;
889 1169 922 1228 2⁰
943 1165 1033 1229 nullae
1047 1165 1131 1247 peri-

153 1263 200 1319 ter
214 1263 284 1319 sunt
298 1273 453 1334 censure,
465 1256 556 1319 etiam
574 1258 606 1318 in
623 1257 687 1319 loro
707 1255 899 1320 conscientie
911 1302 920 1335 ,
934 1255 975 1317 ob
992 1255 1131 1316 omissio·

156 1343 458 1407 nemlormulitetum
474 1345 670 1408 essentialiter
687 1346 720 1408 in
737 1364 880 1427 processu
894 1343 1130 1426 requisiturum,

156 1434 237 1496 velut
251 1434 275 1496 si
294 1437 484 1495 omitteretur
496 1433 596 1496 citatio
614 1435 646 1496 in
664 1453 737 1498 cusu
757 1452 821 1498 non
842 1433 969 1497 omnino
988 1431 1129 1508 notorio,
1156 1453 1164 1468 ·

156 1521 202 1584 vel
226 1523 317 1584 sirco
339 1519 539 1603 denegaretur
556 1522 683 1586 lucullus
702 1541 735 1586 sc
759 1519 941 1588 sufficienter
960 1522 992 1584 in
1012 1519 1131 1601 judicio

155 1610 280 1672 luendi:
302 1609 360 1672 boc
384 1628 447 1672 non
461 1616 506 1672 est
518 1611 750 1694 intelligendum
769 1612 808 1676 de
825 1611 962 1676 censuris
981 1611 1052 1674 lotoe
1064 1628 1131 1672 sen·

157 1700 268 1777 tentice,
283 1704 317 1762 ut
328 1698 365 1762 de
379 1717 411 1761 se
426 1699 536 1781 liquet;
553 1703 584 1762 3⁰
598 1702 689 1764 nullae
702 1708 803 1766 essent
815 1719 953 1765 censurae
970 1702 1010 1762 ob
1024 1700 1132 1762 obsen-

156 1789 228 1850 tiam
242 1807 341 1851 cuusae
362 1787 553 1867 sufficientis,
568 1790 593 1852 si
616 1809 727 1874 nempe
745 1791 829 1854 nulle
847 1797 925 1854 esset
941 1789 1030 1870 culpe
1042 1787 1088 1850 vel
1103 1788 1131 1850 si

153 1877 280 1958 juridice
294 1878 332 1940 de
342 1877 392 1939 tttt
405 1895 467 1940 non
482 1883 652 1958 constaret,
668 1879 791 1962 quando
804 1879 1047 1962 persenteutium
1060 1895 1133 1938 cen·

156 1983 226 2028 sura
239 1965 397 2048 inlligitur.
415 1968 491 2030 Casu
506 1969 575 2030 verb
590 1987 651 2048 quo
669 1987 796 2032 censura
810 1973 857 2032 est
875 1967 945 2030 loto
957 1967 1128 2044 sententie,

155 2055 317 2117 incurritur
331 2055 455 2138 quidem
474 2055 506 2116 in
526 2055 591 2118 loro
610 2057 801 2120 conscientiae
814 2058 839 2120 si
857 2058 1054 2121 commissum
1074 2054 1134 2118 luit

155 2143 287 2218 crimen,
303 2145 372 2208 licet
389 2144 427 2205 de
446 2161 482 2206 eo
499 2144 629 2224 J'uridice
650 2163 712 2207 non
731 2153 866 2218 constet,
887 2145 940 2208 sed
958 2144 1131 2208 denuntiari

155 2234 276 2312 nequit,
297 2233 355 2293 nisi
377 2232 435 2293 boc
456 2231 571 2294 crimen
591 2233 721 2311 juridice
739 2235 778 2297 sit
798 2235 969 2318 probatum.
986 2233 1133 2297 Stremler

155 2318 223 2398 (Der
233 2319 332 2400 pernes
345 2319 456 2398 eccles„
472 2339 503 2402 p.
520 2325 590 2400 213,
606 2324 665 2384 ete
680 2327 711 2386 et
723 2325 805 2400 216).

195 2410 286 2472 6130.
302 2411 335 2471 ln
349 2413 380 2472 1ο
394 2415 424 2471 et
433 2412 465 2471 2⁰
474 2427 512 2472 ex
524 2409 570 2473 his
579 2411 699 2474 casibus
711 2411 855 2476 nullitntis
868 2433 996 2478 censum
1010 2414 1132 2478 nullum

155 2497 295 2582 producit
307 2498 463 2576 ellectum,
479 2517 536 2562 nec
549 2507 593 2563 est
602 2500 788 2566 observande
801 2505 864 2566 tbrn
878 2503 909 2565 in
925 2502 991 2566 toro
1005 2510 1132 2568 externo

155 2589 249 2668 quim
263 2587 399 2666 interno,
416 2587 507 2650 modd
523 2607 613 2652 ceusu
629 2590 774 2655 nullilutie
793 2593 831 2655 sit
843 2591 980 2675 publics3
997 2593 1029 2654 in
1042 2594 1131 2658 tertio

154 2675 244 2751 verb,
266 2693 394 2738 censura
414 2695 476 2739 non
495 2677 566 2758 liget
585 2679 709 2762 quidem
729 2681 762 2743 in
779 2680 846 2743 loro
860 2682 981 2744 interno
993 2727 1001 2758 ‚
1015 2681 1069 2744 scd
1085 2689 1134 2747 cst

156 2762 340 2825 observando
359 2764 390 2825 in
405 2771 546 2842 externo,
561 2766 684 2848 quondo
702 2770 818 2850 prolate
831 2770 888 2833 fuit
905 2769 1035 2849 ejudtoe
1049 2789 1132 2835 com·

156 2856 293 2934 petente,
311 2859 340 2914 et
351 2854 428 2934 juris
441 2854 516 2916 ordo
534 2862 666 2918 servatus
678 2854 744 2920 luit.
762 2857 836 2921 Vide
850 2877 916 2940 cap.
932 2859 1088 2922 Sententia
1100 2867 1129 2942 1,

38 3009 39 3012 ¹
156 2959 247 3004 ceusu
263 2945 319 3018 ll,
336 2961 366 3025 q.
387 2945 424 3020 3,
445 2941 497 3005 ubi
517 2943 549 3006 S.
570 2945 731 3026 Gregorius
744 2945 836 3010 dicit:
855 2949 1040 3011 «Sententia
1058 2951 1130 3013 Pes-

155 3053 171 3090 n
195 3031 268 3092 toris
280 3077 288 3108 ‚
300 3031 360 3094 sive
370 3032 447 3110 justa
461 3031 550 3094 fuerit
561 3081 568 3108 ,
580 3033 641 3096 sive
655 3033 784 3118 injuste,
799 3036 935 3100 timenda
948 3043 1004 3101 cst.
1022 3060 1037 3097 o
1055 3039 1132 3104 Vide

156 3119 247 3183 etiam
262 3137 328 3202 cap.
353 3120 587 3200 Venerabiliter,
602 3122 637 3186 de
650 3134 724 3187 sent.
740 3143 894 3204 cecorum„
910 3127 942 3188 in
956 3129 1000 3205 6⁰,
1016 3132 1047 3190 et
1059 3145 1127 3210 cap.

158 3209 332 3287 delectit,
347 3228 438 3272 causa
453 3214 500 3287 11,
513 3230 544 3292 q.
561 3215 591 3274 3.

196 3301 337 3362 613111
360 3298 453 3362 dubio
472 3319 511 3362 an
531 3319 658 3363 censura
680 3301 718 3364 sit
735 3301 855 3366 incursu
877 3322 988 3382 necne,
1005 3323 1068 3368 non
1086 3313 1134 3371 est

156 3388 298 3468 obligatio
313 3388 395 3450 illam
415 3389 551 3451 servandi
571 3391 603 3451 in
622 3389 686 3453 loro
705 3391 913 3473 conscientiae,
928 3395 989 3457 sive
1001 3394 1131 3460 dubium

156 3475 344 3552 sitfacti‚sive
356 3477 487 3554 sitjuris,
500 3477 570 3558 quia
584 3477 715 3560 possidet
728 3479 860 3559 libertus,
871 3489 901 3544 et
913 3483 1048 3547 indubio
1062 3483 1132 3548 odiu

157 3569 228 3624 sunt
241 3563 459 3645 restringenda.
480 3567 512 3629 si
526 3568 596 3628 verb
609 3567 794 3632 dubitaretur
810 3572 929 3633 tuntinn
948 3571 987 3634 de
1009 3573 1132 3638 obtentu

175 3647 362 3728 bsolutione,
390 3661 443 3715 eut
473 3655 671 3735 appellatione
695 3657 887 3738 interposite,
912 3678 982 3722 rcus
1007 3660 1130 3725 deberet
