2462 3984
370 223 456 276 uuam
474 227 605 278 nunnus.
694 249 700 260 ·
918 217 974 282 131

76 332 350 392 batamcumbe
368 347 473 394 casum
494 349 556 414 quo
574 329 701 414 alicujus
717 330 842 396 interest
858 337 893 396 ut
912 351 982 398 reus

46 414 178 492 puniatur,
192 416 220 478 iu
245 415 473 482 desuetudinem
495 419 569 483 abiit
592 421 702 484 modus
721 421 904 503 procedendi
927 441 982 505 per

45 499 106 562 uiam
114 501 332 570 denuntiationis
338 506 487 588 iuridieae.
499 507 617 572 Adsunt
626 507 750 591 quidem
759 510 857 574 adbuc
865 509 982 574 denun-

45 588 140 654 tiatores
154 593 202 674 qui
218 593 381 659 Promotori
393 595 439 658 vel
451 596 547 679 judici
561 598 690 661 crimina
703 598 913 676 manifestant,
929 599 982 663 sed

44 683 137 742 tantbm
148 681 255 746 occulte
266 731 276 764 ,
288 683 353 747 sine
361 685 544 766 obligatione
559 691 683 750 coeteras
692 687 753 750 veri
763 686 982 752 denuntiatoris

44 764 209 848 obligationes
221 771 380 856 implendi,
395 781 426 836 et
437 773 494 838 boc
512 782 547 837 ut
565 774 603 839 de
617 782 726 839 caetero
737 776 829 856 judex
851 779 983 842 monitus

44 861 117 934 possit
132 860 287 940 prouidere.
310 883 327 922 a
350 863 597 940 Generalement,
621 865 720 946 inquit
742 865 886 928 Stremler
912 865 980 940 (ib,

42 965 54 1002 a
72 964 96 1024 p.
110 951 179 1029 106),
193 949 437 1014 lade'nonciation
447 952 524 1015 n'est
532 951 601 1034 plus
611 971 701 1028 reque
711 953 782 1034 qu'b
789 953 857 1016 titre
868 953 907 1016 de
917 971 983 1017 ren·

41 1053 53 1090 u
72 1035 985 1123 seignemeut.LeProcureuuliscalbquielleestlaite,s'ensert

41 1142 52 1178 a
71 1141 135 1203 pour
145 1126 213 1190 faire
226 1148 286 1192 une
298 1128 511 1194 denonciation
520 1129 679 1212 Judiciaire
692 1137 888 1214 proprement
900 1131 982 1212 dite,

41 1233 52 1268 u
71 1214 260 1298 ets'ilyalieu
271 1266 280 1299 ,
290 1218 432 1282 instruire
446 1219 474 1282 le
482 1221 587 1302 proces
598 1217 769 1304 d'euqutte.
783 1243 799 1281 a

417 1397 499 1460 ART.
523 1397 569 1460 lll.

143 1533 240 1582 uonuu
261 1535 444 1584 enoceounou
466 1536 522 1581 run
543 1537 613 1580 vinu
635 1535 850 1590 unpuusunronus.

71 1669 145 1730 taso.
165 1669 217 1732 llic
230 1670 341 1733 modus
355 1665 537 1751 procedendi
552 1667 625 1731 olim
639 1671 911 1748 extraordinarius,
929 1671 983 1735 bo-

42 1751 130 1819 dieruis
139 1760 320 1840 temporibus
334 1759 373 1820 ita
386 1757 556 1820 ordinarius
566 1757 690 1820 effeetus
703 1763 766 1835 est,
782 1765 815 1822 ut
829 1759 859 1821 in
873 1761 982 1824 desue-

43 1841 151 1909 tudinem
158 1847 275 1926 abierit,
284 1854 376 1930 prout
385 1865 477 1929 supra
488 1847 668 1923 notavimus,
681 1846 791 1910 modus
800 1849 983 1930 procedendi

44 1948 84 2010 per
93 1935 159 1998 uiam
171 1937 382 2001 accusationis.

76 2021 208 2103 Inquisitio
220 2027 260 2089 de
274 2029 337 2108 qud
355 2024 406 2088 hle
419 2025 518 2106 agitur
532 2032 575 2088 est
586 2023 789 2106 acteajudieis
802 2024 843 2086 ud
854 2023 987 2108 deteqen·

45 2105 99 2168 dura
110 2115 247 2198 anulique
258 2133 383 2198 persono
396 2113 518 2196 aliquod
524 2115 696 2196 patraverit
708 2112 862 2176 delictum.

73 2201 145 2266 5851.
164 2205 285 2287 'triplex
298 2211 343 2266 est
355 2203 508 2285 inquisitio
525 2223 532 2264 ε
548 2205 571 2266 l.
591 2202 761 2280 Generalis,
777 2201 915 2266 videlicet
927 2203 987 2284 qut

43 2281 65 2344 iu
77 2307 170 2367 genere
191 2291 354 2375 inquiritur
368 2310 407 2354 an
421 2291 533 2354 subditi
552 2292 673 2374 aliquod
687 2293 804 2355 crimen
825 2291 986 2355 commise-

42 2373 99 2452 u‘nt;
112 2381 143 2440 ll.
153 2380 309 2463 Specielis‚
319 2382 381 2462 qut
391 2378 429 2442 de
443 2383 523 2443 eertb
537 2383 666 2462 persona
676 2381 822 2463 quaeritur
835 2399 874 2442 an
889 2379 986 2442 deter-

41 2464 382 2546 minaticriminissitrea3
391 2470 440 2532 tlt.
452 2469 563 2545 Mixto,
576 2469 753 2552 quandovel
762 2470 861 2532 solum
871 2469 987 2530 crimen

39 2559 73 2611 cst
84 2557 200 2636 speciale
211 2581 219 2636 ;
235 2558 283 2621 vel
297 2557 360 2620 sola
373 2575 520 2639 persona,
533 2563 567 2621 ut
580 2559 606 2620 si
619 2558 790 2640 inquiratur
804 2557 873 2638 quis
886 2555 988 2617 lecerit

41 2637 101 2704 istud
111 2644 323 2725 homicidium,
336 2665 375 2709 en
383 2647 489 2710 Petrus
500 2645 652 2710 violaverit
665 2651 788 2720 statuta,
804 2646 990 2716 eto-Oues-

41 2723 95 2792 libet
106 2735 240 2799 extribus
254 2734 395 2798 diuiditur
404 2735 434 2798 in
441 2743 600 2818 paternam
613 2740 643 2798 et
650 2731 828 2816 judicialem
841 2752 852 2794 .·
861 2741 989 2816 puteano

41 2813 65 2876 fit
75 2820 106 2882 ad
114 2821 313 2908 delinquentis
322 2824 581 2902 emendationem;
590 2822 749 2906 judicialis
763 2823 833 2886 verb
842 2821 878 2884 ad
894 2821 989 2906 publi·

41 2921 91 2970 uun
104 2909 197 2976 delicti
210 2912 384 2976 uindictam.

70 3001 147 3062 5852.
158 3005 232 3065 -Ι,
254 3001 339 3065 Circa
352 3002 526 3084 generalem
546 3002 792 3084 inquisitionem,
813 3007 931 3066 certum
945 3006 989 3062 est

42 3081 190 3154 butanius
202 3091 340 3155 locorum
354 3109 442 3172 posse
456 3092 627 3172 generalem
641 3091 868 3173 inquisitionem
882 3091 920 3152 de
934 3090 991 3151 cri-

42 3173 258 3243 minibustacere
270 3199 278 3240 :
289 3179 364 3242 illud
373 3185 490 3242 constat
499 3197 536 3242 ex
551 3180 685 3242 Concilio
693 3180 827 3243 'trident
840 3181 924 3256 (sess.
939 3181 988 3251 at,

41 3277 61 3320 t.
74 3265 99 3340 3,
112 3266 144 3329 de
157 3267 241 3351 rofi),
256 3266 451 3331 ubidicitur:
471 3289 488 3336 u
500 3267 712 3330 visitationum
726 3274 827 3330 autom
851 3263 990 3326 omniurn

42 3352 184 3420 uicturum
207 3355 378 3440 praecipuus
402 3357 440 3419 sit
465 3374 574 3438 scopus
601 3375 706 3420 sanam
732 3355 991 3433 orthodoxamque

42 3439 245 3525 »doctrinam
273 3445 406 3528 expulsis
427 3443 609 3523 heresibus,
641 3445 738 3509 bonos
768 3461 867 3506 moues
893 3442 989 3518 tueri,

43 3545 54 3582 ν
72 3547 168 3610 prauos
180 3533 371 3616 corrigere.»

72 3621 153 3684 5853.
175 3622 350 3686 Communis
364 3627 510 3686 sententia
533 3627 615 3685 tenet
635 3619 717 3703 qubd
737 3617 815 3682 dicta
838 3617 990 3700 inquisitio
