2462 3984
408 298 494 346 LIBER
514 301 646 346 TERTIUS.
945 291 999 346 il'l

59 393 235 460 admoneatur
246 401 278 459 et
289 395 451 478 corrigatur
464 393 637 473 affirmaret,
648 403 726 458 esset
734 397 836 460 denuo
849 397 1005 462 denuntio-

59 491 98 544 tor
107 485 223 548 minime
235 483 391 548 mersatur.
414 485 589 568 Requiritur
602 485 726 567 insuper
748 489 778 548 2⁰
797 495 830 548 ut
851 495 1006 551 accusator

57 591 121 634 onus
132 573 184 636 sibi
197 581 328 637 assumat
339 573 482 637 delictum
494 573 659 655 probandi,
675 574 808 657 alioquin
823 575 931 639 iterum
943 595 1004 639 non

55 670 121 724 esset
134 665 186 726 nisi
195 664 385 727 denuntiator
396 670 447 725 aut
460 663 585 725 delator.
653 728 656 738 ,

86 756 255 816 istob-ll.
275 753 431 817 Accusatio
445 751 572 834 proponi
591 751 740 815 debetrt·
757 755 789 818 in
811 756 928 838 scriptis
951 777 1004 820 seu

54 861 98 922 per
117 841 243 906 libellum
269 844 350 924 (cau.
374 842 612 918 Accusationem,
634 860 724 904 eausa
744 847 778 918 2,
804 863 834 926 q.
851 849 891 922 8).
917 847 1002 908 Exci-

53 933 160 1012 piuntur
170 933 278 995 leviora
291 931 439 1010 crimina,
454 949 523 1012 quae
536 929 575 992 de
589 929 696 1011 plano,
717 950 779 994 non
799 941 915 999 servato
927 935 1004 1012 judi-

51 1022 128 1084 ciario
148 1021 262 1102 ordine,
285 1020 412 1103 judicari
433 1025 561 1103 possunt
584 1019 711 1101 exlege
735 1020 823 1084 Lr'otd
851 1026 886 1100 6,
910 1023 954 1084 tit.
968 1027 1000 1100 2,

51 1109 92 1171 lib.
107 1115 155 1188 aa,
169 1111 201 1174 o.

81 1205 108 1261 2⁰
122 1201 247 1264 Libellus
257 1199 348 1263 debet
368 1216 435 1262 esse
457 1199 513 1262 rite
526 1197 689 1276 formatus,
706 1217 816 1283 nempe
834 1202 1001 1282 exprimere

51 1309 134 1352 nomen
140 1291 252 1371 jndin's
265 1288 346 1373 apud
361 1307 453 1370 quern
469 1287 502 1350 fit
514 1287 686 1366 accusatio,
710 1309 811 1350 nomen
827 1294 1000 1354 accusatoris

49 1388 72 1438 et
83 1382 198 1442 neauoti
208 1428 217 1459 ,
226 1379 350 1462 speeiem
364 1377 466 1439 delicti
477 1424 486 1454 ,
503 1377 607 1453 locum,
618 1397 726 1438 annum
736 1386 765 1439 et
778 1397 922 1450 innuen:
938 1399 1000 1442 non

49 1467 146 1531 ridetur
157 1479 257 1532 autern
281 1467 482 1530 necessarium
497 1466 665 1547 exprimere
683 1465 764 1528 diem
787 1467 857 1548 (Lex
875 1469 1000 1531 Libello·

48 1577 100 1617 mn
112 1561 145 1636 3,
158 1559 188 1619 a.
204 1559 239 1620 de
252 1559 370 1636 accam).
388 1556 417 1618 Si
433 1573 530 1617 unum
545 1573 581 1615 ex
595 1554 683 1616 dictis
697 1555 865 1632 omittatur,
882 1555 1014 1628 libellus¹

49 1647 115 1724 rejici
127 1647 210 1710 debet
222 1655 371 1728 tanquam
384 1644 519 1706 vitiosus.

80 1740 156 1800 5661.
169 1773 208 1786 -
220 1739 252 1801 3⁰
264 1739 337 1800 lure
350 1734 507 1798 communi
521 1737 631 1814 apponi
652 1733 741 1794 debet
762 1735 794 1796 in
808 1735 910 1799 libello
926 1737 998 1800 sub-

48 1826 149 1906 scriptio
159 1833 216 1910 qut
226 1823 547 1903 accusatorseobligat
557 1821 595 1884 ad
606 1822 796 1884 subeundam
805 1823 923 1887 talionis
934 1845 997 1907 poe-

49 1929 121 1993 nam,
132 1915 153 1979 si
170 1917 244 1980 laiso
264 1913 464 1978 etmatitiose
475 1929 639 1996 ¹accusasse
652 1910 906 1993 deprehendatur.
922 1915 997 1976 iliud

49 2011 142 2068 constat
158 2025 193 2068 ex
209 2005 302 2068 variis
321 2003 411 2084 capit.
430 2001 507 2082 iuris
520 1999 660 2063 canonici
670 1999 747 2080 (cap.
765 2000 864 2082 Super
881 2001 929 2063 liis
943 2007 995 2080 16,

49 2091 85 2151 tit.
98 2097 109 2154 1
122 2093 182 2168 ,lib
196 2099 366 2169 5Deoret.;
378 2111 446 2155 cau.
462 2089 679 2162 Calumniator,
693 2093 723 2165 2,
739 2107 767 2151 o.
781 2093 799 2150 2
811 2137 819 2165 ,
833 2109 863 2170 q.
879 2093 994 2164 3;can.

46 2179 307 2262 ri'allus2‚oausal,
319 2187 378 2264 ql
389 2202 397 2257 ;
407 2177 709 2254 etexBullaS.PiiV,
718 2178 790 2239 anni
803 2181 892 2254 1566,
902 2177 993 2262 incip.

46 2268 261 2355 straminum).
284 2271 343 2334 Sed
360 2270 462 2353 plures
482 2267 646 2331 canonista>
668 2275 772 2330 contra
793 2267 868 2330 alios
890 2267 994 2332 dicunt

45 2355 991 2444 harrojurisdispositionemindesuetudinemabiisse.ltaS.Lig.

43 2447 91 2520 llib.
103 2459 136 2529 1,
148 2455 179 2514 n⁰
188 2457 276 2534 23tt:
290 2447 372 2512 unde
382 2447 522 2510 standum
535 2451 580 2508 est
590 2445 746 2508 communi
761 2447 844 2526 praxi
856 2446 991 2509 tribuna-

44 2537 110 2602 lium.
125 2542 246 2618 (Bouix,
261 2539 317 2618 it,
331 2557 361 2620 p.
378 2535 611 2615 16163163.)

71 2631 260 2693 asoa-111.
274 2633 421 2691 Accusare
433 2629 561 2707 possunt
570 2621 737 2703 omnesqui
748 2623 765 2683 b
773 2621 842 2702 jure
853 2641 914 2685 non
926 2645 993 2707 pro-

42 2710 178 2782 hibentur:
192 2723 444 2783 retenturautem
460 2713 621 2790 mulieres,
642 2709 829 2792 impuberes,
848 2711 990 2795 infames,

41 2805 187 2886 rrimiuosi,
198 2808 308 2870 milites
320 2855 328 2883 ,
340 2803 473 2886 religiosi
485 2809 515 2865 et
527 2801 627 2864 cleriei
640 2799 697 2862 nisi
710 2799 853 2864 delictum
868 2802 991 2868 civiliter

41 2890 154 2960 delerant
164 2899 194 2960 in
203 2895 353 2979 judicium
371 2893 409 2956 ad
427 2891 706 2975 compensationem
728 2889 783 2952 sibi
802 2890 989 2975 taciendam,

40 2987 209 3058 protestando
229 3005 262 3049 se
279 2984 359 3047 nolle
378 2989 414 3046 ut
423 2981 517 3062 iudex
528 2981 566 3043 ad
578 2997 699 3062 poenam
712 2979 868 3061 sanguinis
884 3001 989 3063 prooe-

34 3067 87 3167 piat.
98 3075 165 3139 Vide
174 3075 306 3157 aliosqui
315 3071 671 3154 prohibenturaocusare,
679 3086 729 3150 ap.
742 3069 849 3133 Bouix.
862 3073 989 3134 Genera·

31 3157 92 3259 qtiter
101 3182 234 3228 accusare
247 3167 404 3244 nequeunt
415 3161 467 3242 qui
479 3163 497 3222 a
507 3158 632 3222 terendo
642 3158 815 3220 testimonio
825 3168 966 3222 arcentur
979 3180 987 3222 :

31 3249 395 3337 ·s·idesupra(5'109,etc.).

32 3315 35 3373 Ι
68 3343 145 3406 taor.
161 3344 298 3426 Plerique
311 3359 350 3404 cx
363 3339 520 3402 recensitis
528 3338 567 3401 ab
580 3338 752 3400 accusando
763 3355 829 3400 nou
839 3337 989 3420 repellun-

39 3429 75 3487 tur
86 3430 113 3490 in
125 3431 218 3496 tribus
229 3429 349 3495 casibus
368 3425 564 3509 sequentibus
580 3444 589 3487 r
603 3427 634 3489 1ο
647 3428 670 3488 si
693 3443 781 3490 suam
795 3430 847 3488 aut
861 3444 987 3492 suorum

42 3511 159 3594 iniuriam
180 3523 417 3604 prosequentum
440 3518 472 3579 2⁰
495 3514 526 3578 in
547 3515 725 3578 criminibus
746 3532 815 3598 quaa
845 3514 987 3580 dicuntur

42 3617 174 3690 exempta,
196 3627 305 3692 nempe
327 3607 407 3670 laesae
431 3606 611 3684 maiestatis,
636 3605 804 3678 haereseos,
829 3603 984 3684 simoniae,

43 3693 175 3778 nmileqiia
200 3694 368 3774 atrociori.
382 3693 555 3772 meminit,
577 3689 747 3755 immanenti
768 3687 852 3752 iatri.
874 3691 986 3753 falsata

851 3789 883 3848 ι·
