2548 4002
304 243 363 298 ms
496 252 499 258 ·
807 205 866 292 sic
1031 240 1076 292 us

125 354 274 406 Exscucrto.
283 378 313 389 -
323 348 454 410 Quomodo
464 347 574 399 ecclesie
596 343 670 408 hunc,
684 343 753 394 ture.
767 343 803 392 An
817 342 902 392 eidem
923 338 1078 410 exemptione

95 439 240 498 execrentur
252 437 277 482 et
292 430 352 498 quid
365 435 424 480 tunc
436 428 467 478 sit
479 427 574 479 secien-
589 425 721 489 gaudeant
733 421 868 487 regulares,
881 421 951 472 toto.

96 522 166 576 dum.
189 515 265 579 tt86,
284 515 354 568 tter.
371 515 501 576 Quomodo
516 529 576 566 θη.
630 505 766 564 occursus,
777 503 833 554 uide
845 502 998 554 ttncrcrosos.
1012 503 1078 562 Ques

97 607 196 656 crentur
206 613 265 653 unco
280 609 352 648 sacra
365 611 372 648 ς
386 595 441 647 uide
459 593 506 646 hoe
518 610 576 646 ver.
600 599 684 654 poenas
696 581 873 648 incurruntqui
881 581 1078 650 jurisdictionem

98 683 166 734 bum.
600 673 719 736 usurpant
737 663 763 715 in
784 667 928 730 exemptos,
947 663 1017 714 6233.
1043 663 1079 714 dn

130 793 252 844 Euenum
268 799 406 842 smum
436 787 498 838 5953
519 786 579 838 ΗΘ
601 749 714 819 Episcopi
734 745 829 815 possint
845 746 909 797 terro
926 759 1043 797 censuros
1056 743 1078 795 in

99 877 236 926 “meum
416 825 423 848 ’
500 803 546 838 Ἰ
601 837 739 899 exemptos,
753 829 822 881 6366,

99 907 133 926 Η
239 909 245 922 ’
632 909 936 973 exsecutoresque
952 909 1083 960 tonsu.-

132 979 260 1031 EXECUTOR
276 970 580 1040 sementiaeanpmffl'd'
602 999 638 1049 dn
660 1003 684 1048 et
707 1001 828 1062 quatenus
853 991 941 1044 debeat
964 989 1084 1043 celebrari

102 1053 459 1125 ¹⁰³¹¹⁰ffl⁶¹⁰⁹t²³⁰¹¹⁶⁸r⁵⁹⁶⁸·
604 1071 1084 1143 missaexequnus,tocuuoennn

134 1177 309 1230 Exsumroucs.
323 1201 354 1212 -
366 1169 430 1232 Quid
447 1173 471 1222 et
488 1172 582 1234 quotu·
605 1159 679 1210 missd
689 1153 810 1226 exequiali
819 1154 913 1206 musica
921 1152 1003 1214 liceat,
1013 1149 1082 1201 toto.

103 1256 173 1325 plicis
183 1254 280 1322 generis
292 1253 350 1314 siut,
362 1252 416 1303 568.
428 1251 517 1304 Contra
528 1245 583 1298 illas
606 1243 723 1305 Quasnam
733 1237 807 1289 misse
818 1237 849 1288 sit
861 1235 964 1288 dicende
977 1248 1021 1302 pro
1033 1247 1086 1299 pcr-

104 1339 187 1406 plures
199 1334 312 1390 insectati
330 1340 397 1395 sunt,
409 1333 464 1384 569.
480 1329 583 1392 Quidam
606 1325 669 1378 vulis
678 1322 788 1374 nondum
800 1319 901 1370 rationis
913 1333 986 1368 usum
995 1313 1087 1365 haben·

104 1421 197 1474 abusus
216 1418 284 1472 iniis
301 1417 429 1484 irrepsere.
448 1416 503 1468 stt.
523 1414 585 1469 Sunt
608 1409 683 1467 tibus,
695 1403 766 1456 troo.
780 1397 897 1464 ercenom
917 1399 991 1450 missu
1003 1397 1036 1449 sit
1047 1395 1088 1447 di-

107 1511 188 1556 tcmen
205 1500 329 1567 legitimo,
347 1501 402 1550 stu.
416 1499 505 1551 Eurum
518 1495 586 1548 enti·
608 1490 684 1544 cende
703 1503 747 1556 pro
767 1485 874 1554 paruulis
895 1499 968 1536 usum
987 1477 1088 1532 rationis

106 1583 201 1649 quites,
224 1580 279 1628 566.
298 1580 318 1628 Δ
336 1579 447 1642 legitimo
470 1577 586 1628 exercitio
607 1579 656 1645 jem
667 1574 826 1633 habentibus,
836 1572 906 1624 tuto.

106 1659 260 1714 austeritatis
271 1656 432 1720 competentis
441 1657 585 1720 procedunt,
641 1659 765 1716 Eunomus.
775 1682 806 1694 -
825 1654 889 1714 Quid
902 1652 933 1704 sit
949 1649 1089 1704 faciendum

108 1742 162 1792 573·
183 1739 316 1790 censuram
339 1749 388 1784 1²⁰ss
413 1733 531 1796 effugeret
546 1735 587 1798 qui
611 1736 804 1802 euteexequius‚
822 1734 891 1786 6686.
906 1731 1036 1793 Quomodo
1050 1731 1090 1780 in-

108 1817 217 1885 validus*
238 1820 340 1884 negaret
369 1814 537 1878 exemptiones
575 1811 588 1860 6
613 1817 654 1866 dui
668 1816 773 1868 debeant
789 1829 892 1881 corporo
906 1815 1090 1872 detunctorum,

109 1903 136 1958 S.
150 1899 268 1954 Pontidce
281 1910 421 1956 concessus,
433 1893 488 1944 stt.
503 1888 590 1942 Retic—
613 1896 681 1946 6683.
692 1897 729 1948 itn
742 1893 824 1946 clerici
836 1891 921 1944 sintin
933 1891 1091 1960 sepulchrum

110 1985 183 2038 nibus
197 1979 377 2034 sufficientibus
396 1977 516 2034 nituntur,
535 1973 589 2024 575.
614 1974 763 2031 recondendi
786 1990 842 2026 curn
866 1974 942 2026 sacris
964 1974 1091 2033 vestibus,

110 2068 136 2120 Vi
156 2072 237 2118 tumen
259 2061 442 2127 exemptionum
466 2058 591 2125 regulares
614 2059 683 2110 6686.
697 2058 733 2108 dn
745 2057 769 2106 in
783 2055 849 2106 omni
863 2060 972 2122 ternpore
984 2053 1092 2119 exequie

112 2164 160 2200 non
174 2148 274 2201 suerunt
287 2143 386 2196 omnino
399 2140 515 2194 subducti
527 2139 540 2191 d
552 2139 591 2208 ju·
614 2141 663 2194 sint
675 2137 841 2198 celebrande,
859 2135 930 2186 6685.
947 2135 984 2186 tin
995 2141 1094 2202 propter

112 2227 255 2280 risrtictione
274 2224 464 2291 Episcoporum.
488 2223 542 2277 566.
565 2219 591 2272 in
614 2223 731 2290 exequias
748 2217 828 2274 omitti
842 2217 920 2286 possit
939 2217 1012 2268 missa
1033 2233 1095 2267 con-

112 2309 260 2376 quibusnam
272 2306 398 2374 regulares
408 2305 513 2370 exempti
526 2295 593 2371 Epis·
615 2303 752 2366 uentuciis,
777 2300 932 2370 parochialis,
958 2297 1045 2350 concio
1072 2305 1096 2350 et

113 2389 182 2456 copis
195 2387 398 2444 nousubrtautur,
412 2385 465 2438 607.
479 2385 592 2442 indubio
615 2388 661 2439 eliu
675 2386 771 2446 officia.
789 2385 858 2438 6666.
871 2385 907 2436 An
920 2380 1029 2449 exequie
1042 2380 1096 2432 lieri

114 2473 178 2526 circe
208 2467 387 2536 exemptionem
417 2467 592 2518 recurrendum
616 2468 706 2520 ticecnt
718 2483 801 2520 corum
814 2466 858 2517 SS.
875 2464 1034 2518 sacramento
1048 2479 1096 2530 pu-

114 2561 151 2606 est
163 2553 195 2606 ed
213 2553 314 2618 Pupam,
327 2549 381 2604 668.
402 2549 537 2614 Regutures
548 2563 594 2600 ne·
617 2551 680 2602 biice
693 2549 812 2616 exposito,
826 2547 896 2598 tuor.
909 2548 945 2598 Au
958 2552 1031 2598 nocte
1044 2546 1097 2598 ficri

114 2639 209 2702 queunt
225 2632 256 2684 iis
271 2631 421 2692 renuntiare,
438 2629 593 2682 stetissem
618 2632 717 2696 tineent,
730 2631 800 2682 tuso.
812 2632 849 2681 An
862 2629 936 2682 misse
950 2628 974 2680 in
987 2629 1097 2695 exequiis

114 2715 225 2783 gaudent
237 2715 308 2765 etiam
323 2712 409 2766 novitii
421 2719 445 2764 ct
456 2710 541 2762 tumuli
553 2709 595 2778 qui
618 2714 650 2765 sit
662 2714 693 2766 de
703 2712 848 2764 necessitate
858 2711 1013 2772 celebranda,
1026 2711 1096 2764 6686.

95 2847 97 2850 .
115 2799 179 2850 intre
191 2794 297 2848 claustro
314 2793 438 2856 resident,
451 2793 504 2844 668.
521 2794 558 2844 dn
570 2791 595 2842 in
619 2798 654 2848 An
668 2794 777 2846 officium
791 2793 962 2846 defunctorum
982 2793 1015 2844 sit
1033 2792 1098 2849 reci-

116 2876 194 2930 certic
212 2875 403 2926 hodieexinent
420 2873 595 2939 exemptiones,
621 2877 722 2928 tendum
737 2876 762 2928 in
781 2875 906 2944 exequiis,
926 2875 996 2926 tout.
1016 2876 1051 2926 dn
1076 2881 1100 2926 et

116 2959 171 3008 666.
192 2957 310 3010 Monieies
327 2957 351 3006 in
371 2955 447 3008 Gellii
470 2971 518 3005 nnn
540 2961 598 3006 sunt
620 2958 706 3025 quates
723 2957 787 3009 cerei
802 2957 827 3008 in
839 2956 948 3023 exequiis
961 2955 1010 3006 sint
1027 2956 1099 3007 edhi-

117 3038 264 3102 generetitcr
276 3043 402 3104 exempto,
417 3037 470 3090 609.
481 3039 596 3098 Qnaensm
622 3040 706 3100 tendi,
726 3039 795 3090 tuoe.
809 3039 835 3088 ln
848 3053 955 3106 quonum
970 3042 1024 3089 tnco
1037 3033 1102 3089 cen-⁴

119 3119 207 3166 stemus
220 3123 262 3166 nrrt
280 3117 393 3168 institute
412 3119 436 3169 in
454 3119 530 3170 Gellii
550 3119 598 3168 sint
621 3123 703 3174 uenire
716 3121 805 3172 debent
816 3120 896 3170 clerus
908 3125 932 3170 et
949 3120 989 3172 ciii
1003 3135 1046 3185 pro
1062 3121 1101 3170 in-

119 3195 598 3264 eburntnarioexemprntto.Exenp-
622 3202 715 3254 ciendis
739 3200 867 3266 exequiis,
892 3201 962 3250 6663.
988 3198 1047 3259 Quis
1070 3201 1100 3250 sit

120 3277 201 3326 ¹5⁰⁰&
216 3275 599 3342 61106666661136066666610·
623 3283 683 3336 ordo
708 3282 907 3334 ceremoniarum
929 3287 953 3332 et
978 3281 1036 3348 quid
1061 3283 1102 3332 tint

120 3353 469 3423 descensionemque
481 3357 599 3424 jurisdic-
623 3364 779 3433 procedendo
792 3363 822 3412 od
836 3361 937 3414 domum
958 3377 1002 3413 seu
1020 3362 1101 3412 locum

122 3433 411 3504 tioueporochiclieximi
422 3441 601 3502 possuntne·
624 3444 742 3506 defuncti,
761 3443 831 3494 tth.
851 3441 914 3501 Quid
934 3441 976 3490 siut
994 3447 1019 3492 et
1036 3441 1102 3507 quali

121 3523 177 3574 666.
198 3517 284 3576 Clerici
307 3523 364 3569 sunt
385 3519 441 3586 jure
460 3522 566 3588 exempti
586 3522 601 3572 d
625 3525 710 3576 ordine
727 3523 752 3574 in
764 3523 838 3573 domo
852 3522 970 3584 defuncti,
984 3523 1053 3574 todo.
1067 3523 1103 3574 dn

116 3607 176 3670 ¹tnrc
194 3601 282 3662 iniecti,
295 3599 364 3652 tuto.
378 3603 414 3654 dn
431 3601 552 3670 exemptio
570 3601 603 3654 sit
625 3604 711 3656 deceat
734 3603 818 3654 currui
839 3603 943 3656 cuderer
966 3605 1102 3671 imponere,

124 3681 277 3740 extendendi
298 3681 330 3734 cd
343 3681 439 3752 propriu
457 3681 601 3738 clericorum
625 3681 694 3738 tuos.
706 3683 743 3736 du
755 3681 788 3736 stt
796 3679 889 3736 licitum
902 3681 979 3736 tricor
991 3681 1080 3736 detsrr'
