2462 3984
453 185 540 232 crona
560 183 693 231 rrnrrua.
995 165 1052 229 165

83 284 222 348 mutantia
235 302 304 348 esse
321 284 467 349 duntaxat
479 283 676 347 declaratore
689 285 750 366 qutl
763 280 872 365 aliquis
885 280 1054 346 declaratur

82 373 210 436 criminis
223 392 312 452 reus,
327 373 464 457 adeoque
478 373 509 436 in
524 392 646 456 poenam
660 371 801 436 incidisse
814 391 883 456 quae
897 371 963 454 ipso
976 370 1054 434 laetu

83 461 244 542 perlegam
258 462 374 527 indicta
386 470 441 528 est.
453 461 585 528 Effectus
595 467 696 526 autem
711 460 885 540 hujusmodi
899 459 1054 523 sententiae

83 550 279 615 retrohabitur
292 551 330 615 ad
339 559 459 635 tempus
473 571 535 634 quo
549 552 693 614 delictum
707 549 763 612 luit
776 556 937 630 patratum.
953 548 1052 626 Unde,

82 657 108 700 r.
121 659 149 722 g.
164 640 190 702 si
203 641 246 703 ob
258 641 404 706 delictum
425 641 534 723 uliquis
552 641 618 723 ipso
639 639 719 704 lacto
737 637 903 720 privaretur
917 639 985 718 iure
1000 637 1053 700 eli·

83 727 184 808 pendi,
199 731 351 793 sententia
365 731 463 793 irritas
481 729 590 793 laceret
605 747 660 792 seu
676 727 778 810 potius
798 726 963 790 declararet
980 726 1055 790 elec·

83 818 172 880 tiones
194 821 213 881 a
233 818 283 881 die
312 819 467 882 commissi
496 817 633 882 criminis
655 823 802 898 peractas.
823 816 934 898 Excipe
952 821 1055 878 tamen

82 913 160 970 actus
169 907 391 986 jurisdictionis
409 908 461 990 qui
475 925 596 991 semper
615 905 704 971 validi
717 911 808 981 sunt,
831 904 856 966 si
870 905 1004 968 Ecclesia
1016 904 1056 967 ob

83 993 191 1058 bouum
216 997 375 1078 publicum
394 996 548 1060 delectum
572 995 721 1079 suppleat.
745 991 822 1055 Vide
838 993 926 1056 Card.
943 992 1055 1075 Soglia,

83 1083 151 1146 lust.
161 1085 234 1166 jur.
247 1085 343 1168 prio„
360 1085 464 1170 5225.

118 1175 209 1237 5951.
234 1174 357 1248 Quaerit
373 1174 477 1248 Qualis
489 1192 556 1238 esse
571 1174 680 1240 debeat
692 1177 841 1242 sententie
858 1181 893 1242 ut
908 1175 947 1240 sit
967 1191 1058 1238 cano-

87 1261 175 1325 uica‘l

120 1351 211 1436 llesp.
226 1355 251 1416 Ι.
267 1353 363 1418 Debet
375 1353 601 1433 esaeabsoluta‚
613 1372 675 1418 non
684 1357 757 1421 verb
764 1355 1056 1420 conditionataNnn
1126 1400 1129 1406 ,

85 1445 181 1504 umen
195 1443 299 1506 omnis
311 1443 444 1524 conditio
457 1443 553 1506 irritat
567 1461 676 1508 omnes
689 1447 866 1528 sententias,
888 1443 941 1507 sed
955 1443 1055 1506 solum

86 1530 132 1594 ille
143 1551 214 1614 quae
228 1537 275 1594 est
288 1532 421 1596 conditio
434 1532 556 1614 proprie
569 1530 664 1605 dicta,
681 1543 712 1597 et
727 1543 828 1598 actum
845 1531 1006 1616 suspendit
1019 1531 1058 1594 ad

87 1618 217 1684 loturum
231 1628 371 1685 eventum
387 1640 395 1682 ε
412 1621 493 1684 unde
504 1621 639 1685 conditio
651 1621 691 1686 de
705 1623 855 1706 praeterito
870 1622 917 1688 rel
933 1621 972 1686 de
984 1621 1058 1704 prae

89 1709 158 1771 senti
171 1757 180 1788 ‚
194 1711 379 1774 seutentiam
392 1728 455 1773 non
470 1710 574 1774 irritat.

124 1802 212 1864 5952.
229 1833 269 1846 —
282 1801 319 1863 ll.
335 1799 489 1862 Sententia
510 1799 601 1862 debet
620 1818 686 1864 esse
704 1801 867 1865 conformis
888 1799 988 1864 libello
1001 1801 1059 1882 (re-

92 1887 176 1968 nuite)
193 1907 233 1952 ex
249 1907 317 1970 cap.
339 1887 476 1965 Qualiter
488 1891 544 1962 rt,
564 1888 645 1952 cirea
666 1889 761 1953 linem
773 1938 782 1970 ,
796 1891 964 1966 dedecus,
979 1895 1009 1952 et
1021 1907 1059 1952 ex

97 1977 231 2042 Clamant.
247 1982 277 2056 2,
293 1977 312 2058 ᾗ
333 1976 450 2055 Vana,
464 1976 500 2040 de
517 1977 597 2040 verb.
619 1978 725 2060 siquis.
748 1979 806 2042 Sed
819 1977 878 2041 hoc
891 1983 938 2040 est
950 1977 1058 2040 intelli·

98 2067 219 2146 gendum
240 2072 276 2130 ut
297 2071 399 2148 patet,
423 2066 524 2148 quoad
547 2065 664 2128 modum
684 2067 829 2129 duntaxat
846 2065 982 2143 dicendi,
998 2084 1060 2128 non

94 2155 157 2217 verb
170 2154 270 2238 quoad
283 2155 512 2219 conclusionem
532 2155 654 2217 actoris.
676 2155 771 2218 Debet
783 2162 886 2218 autem
903 2172 970 2218 esse
982 2172 1060 2218 con-

92 2240 192 2306 formis
204 2247 235 2306 in
250 2245 347 2306 tribus
362 2265 371 2306 τ
388 2247 418 2306 1⁰
435 2245 468 2306 iu
482 2263 515 2307 re
529 2262 597 2326 quta
612 2245 751 2328 petatur,-
766 2243 848 2308 unde
868 2243 893 2306 si
912 2261 961 2307 res
972 2245 1061 2327 petita

91 2333 219 2411 praestari
232 2339 349 2416 potest,
364 2351 434 2396 reus
449 2350 512 2395 non
523 2340 620 2414 potest
633 2333 830 2396 condemnari
843 2334 881 2396 ad
893 2335 988 2416 ipsius
1001 2352 1061 2397 aes-

92 2419 296 2498 limationem
317 2426 350 2485 2⁰
367 2421 402 2483 tia
421 2420 506 2484 ccusd
524 2420 667 2504 petendi,
686 2421 768 2484 uude
786 2422 811 2484 si
829 2439 879 2484 res
891 2428 1011 2503 petatur
1024 2441 1061 2484 ex

92 2509 456 2588 nordomannicas,
473 2528 535 2572 non
544 2508 634 2571 debet
647 2509 811 2589 adjudicari
826 2528 864 2571 ex
878 2510 936 2571 alit
950 2513 1060 2587 eaust;

93 2601 123 2659 3⁰
138 2599 168 2659 ln
190 2600 318 2676 actione,
342 2599 424 2662 unde
441 2597 535 2678 judex
553 2597 644 2660 debet
661 2598 747 2679 sequi
762 2615 831 2660 eam
844 2615 913 2678 quae
930 2598 1064 2660 instituta

94 2694 152 2765 est,
166 2687 281 2751 etiamsi
296 2695 378 2751 actor
391 2688 482 2750 aliam
496 2686 552 2749 sibi
567 2685 720 2749 utiliorem
734 2685 896 2749 habuisset.
918 2687 995 2750 Sunt
1018 2692 1063 2750 ta·

96 2793 162 2838 meu
174 2795 261 2840 casus
275 2777 308 2839 in
321 2776 432 2859 quibus
440 2775 533 2857 judex
550 2774 709 2838 deflectere
731 2781 829 2859 potest
846 2777 864 2838 a
884 2775 976 2840 libelli
988 2776 1063 2857 peti-

96 2863 193 2930 tione:
210 2867 278 2928 talis
301 2874 346 2929 est
364 2883 452 2929 casus
466 2867 497 2927 1⁰
511 2865 536 2927 si
550 2863 608 2926 boc
623 2865 785 2927 necessitas
798 2865 845 2928 vel
858 2866 989 2950 aequitas
998 2884 1064 2929 sua-

97 2950 160 3016 deat
172 2975 179 3017 :
191 2973 263 3018 uam
283 2954 431 3018 sententia
447 2953 579 3016 maxime
600 2951 689 3016 debet
703 2972 769 3016 esse
786 2972 823 3016 ex
839 2973 928 3038 aequo
941 2960 972 3017 et
983 2955 1064 3034 justo

99 3039 168 3120 lata;
181 3048 212 3106 2⁰
225 3045 251 3107 si
264 3043 304 3106 de
318 3043 355 3106 iis
372 3061 440 3125 quae
456 3041 621 3106 virtualiter
635 3048 665 3105 et
678 3043 765 3106 tacite
779 3043 822 3105 rei
837 3043 957 3120 insunt,
985 3049 1019 3105 ut
1039 3043 1064 3104 si

100 3137 207 3211 petatur
217 3131 347 3212 fundus,
362 3138 458 3214 potest
471 3130 676 3194 condemnare
690 3133 781 3194 etiam
794 3131 972 3207 adfruclus;
987 3135 1021 3192 3⁰
1033 3131 1064 3192 in

101 3221 189 3284 causis
201 3221 427 3297 criminalibus,
441 3221 473 3283 iu
488 3220 701 3302 quibusJudex
711 3219 916 3284 condemnare
929 3217 1064 3281 debetad

101 3327 213 3389 poeuam
222 3329 292 3394 quae
306 3311 363 3373 sibi
376 3311 457 3390 justa
470 3309 597 3385 ridetur,
607 3311 746 3392 quamvis
760 3307 799 3371 de
809 3311 846 3371 eb
858 3306 934 3371 nihil
947 3323 1066 3388 expres-

102 3398 166 3460 serit
178 3407 333 3464 accusatur
348 3399 379 3461 in
393 3417 449 3462 suo
460 3397 574 3462 libello.

89 3515 93 3522 ·
138 3491 223 3552 5953.
239 3523 279 3536 —-
292 3489 342 3552 111.
358 3487 512 3552 Senmutia
525 3487 614 3550 debet
632 3487 713 3551 certe
727 3503 794 3549 esse
805 3486 866 3566 juri
879 3485 1063 3565 conformis3

103 3581 185 3660 porro
200 3584 234 3640 ut
246 3577 309 3642 boc
320 3577 396 3641 liene
412 3576 611 3660 intelligatur,
623 3571 844 3638 obseruandum
854 3575 989 3658 estquod
1003 3593 1065 3637 sen
