2466 4258
216 230 273 291 7l8
439 243 527 291 urnnn
548 245 683 292 scurrus.
705 261 745 273 -
766 245 969 294 tirannicus.

214 363 377 439 religionis
402 363 614 438 restitutione,
630 362 773 426 declaret
787 381 843 426 eos
857 363 915 443 qui
945 363 1038 426 bone
1067 365 1195 426 uectum

214 455 354 515 alienata
374 453 623 533 acquisiverunt,
644 453 835 515 molestiam
865 454 999 515 nullam
1032 456 1197 521 habitur...

214 559 319 620 neque
340 559 533 622 ase‚neque
562 561 582 603 a
604 534 755 604 Romanis
777 543 992 606 Pontificibus
1017 549 1198 606 successui-

216 631 273 692 bus
288 631 366 704 sule,
383 649 420 692 ac
433 637 663 711 consequenter
690 632 874 712 proprietas
901 635 1102 695 eorumdem
1117 637 1200 694 bon.-

213 739 296 797 rum,
313 721 434 782 reditus
444 725 475 782 et
483 720 558 799 jura
574 721 612 782 iis
626 719 830 795 inhaerentia,
860 719 1088 783 immutabilia
1118 742 1200 801 penos

214 812 301 890 ipsos
312 816 409 871 erunt
422 815 519 890 atquc
534 811 575 871 ah
596 809 674 888 ipsis
699 825 829 871 causam
845 808 1029 872 habentes.

254 903 327 962 llnr.
344 895 424 962 XIV.
442 931 479 948 -
495 899 694 961 Gubernium
709 898 881 960 Gallicanae
898 899 1110 980 Reipublicae
1128 901 1157 960 in
1177 919 1198 959 52

214 991 352 1070 respicit,
370 995 436 1050 tum
461 989 693 1070 episcoporum,
720 993 788 1051 tum
816 989 1057 1067 parochorum,
1078 1010 1198 1070 quornc

215 1081 367 1142 dioeceses
381 1087 478 1159 atque
491 1079 660 1158 parochias
674 1093 760 1140 nova
772 1077 1038 1158 circumscriptio
1055 1079 1199 1156 complec-

215 1174 311 1245 tetur,
328 1167 677 1246 sustentationemquee
697 1171 857 1246 cujusque
873 1174 999 1230 statum
1023 1168 1152 1231 deceat.

254 1261 328 1320 Aur.
346 1258 408 1318 XV.
426 1289 464 1308 -
479 1258 565 1318 ldem
582 1257 776 1318 Gubernium
795 1258 975 1320 curabitut
990 1257 1181 1320 catholicis

216 1349 318 1412 Gallia
333 1348 467 1410 liberum
483 1348 537 1427 sit,
563 1345 590 1408 si
608 1346 753 1420 libuerit,
770 1347 916 1409 ecclesiis
929 1349 1110 1410 consulere
1125 1367 1194 1407 nou

220 1438 476 1500 lundahonibus

254 1532 328 1588 Aur.
346 1528 424 1587 XVI.
439 1559 478 1572 -
495 1527 654 1586 Sanctitas
668 1525 729 1587 Sua
743 1525 945 1604 recognoscit
961 1525 995 1586 in
1008 1526 1119 1605 primo
1133 1527 1191 1586 Cte-

215 1617 282 1679 sule
298 1616 467 1675 Gallicanae
480 1615 676 1692 Reipublicae
689 1615 881 1692 eademjure
895 1631 933 1676 ac
948 1615 1126 1694 privilegia
1141 1633 1190 1690 qu·

215 1709 274 1768 bus
302 1705 387 1784 apud
412 1705 561 1766 Sanctam
589 1704 704 1766 Sedem
723 1703 892 1767 fruebatur
917 1704 1101 1784 antiquum
1124 1702 1188 1777 reei-

217 1815 303 1860 men.

257 1889 330 1948 Aur.
348 1887 436 1947 XVII.
454 1917 493 1931 -
516 1881 677 1962 Utrinque
691 1888 884 1946 conventum
897 1886 960 1957 est,
976 1881 1075 1961 quod
1091 1883 1172 1941 ioasi

217 1997 281 2057 quo
304 1975 419 2053 aliquis
450 1991 489 2037 ex
505 1973 746 2035 successoribus
768 1972 918 2034 hodierni
932 1971 1040 2051 primi
1069 1967 1178 2032 coesus.

216 2066 408 2130 catholicam
433 2062 631 2141 religionem
649 2080 712 2123 non
727 2061 943 2141 profiteretur,
964 2076 1076 2139 super
1086 2059 1184 2138 junias

217 2165 248 2219 et
260 2152 440 2236 privilegiis
468 2151 501 2212 in
516 2150 673 2228 superiori
695 2149 829 2212 articulo
845 2151 1121 2220 commemoratis.
1135 2165 1188 2207 nes·-

218 2265 281 2308 non
306 2260 402 2319 super
417 2240 637 2302 nominatione
652 2240 693 2300 ad
711 2239 1023 2318 archiepiscopatus,
1041 2245 1076 2300 et
1088 2240 1189 2318 episc:-

216 2341 322 2414 patus
336 2339 484 2409 respectu
500 2325 613 2407 ipsius,
627 2345 712 2390 nova
728 2327 894 2389 conventio
919 2328 988 2388 liet.

258 2420 517 2483 Ratifrcationum
528 2425 635 2478 autem
646 2415 776 2479 traditio
784 2415 981 2478 Parisiisliet
989 2415 1190 2496 quadraginta

218 2513 340 2575 dierum
358 2508 474 2588 spatio.

257 2604 370 2663 Datum
386 2596 527 2672 Parisiis,
546 2597 597 2659 die
611 2596 648 2657 la
664 2595 781 2658 mensis
796 2594 971 2674 jutiitsor.

601 2705 629 2768 J.
646 2693 838 2766 conlisere.

603 2797 769 2869 Huncuues,
787 2790 966 2854 cardinalis
983 2793 1143 2858 Consum.

599 2884 728 2946 Cnurur.

602 2974 630 3035 J.
655 2973 797 3052 archiep.
815 2971 974 3036 Gonrurur.

601 3064 749 3124 Breuni.

599 3153 633 3212 F.
655 3151 793 3214 Cunouus
816 3149 960 3214 cisitu.

593 3275 823 3290 ῃ

252 3352 401 3418 [injicimus
414 3352 504 3413 pariter
519 3349 635 3398 articulos
648 3347 725 3395 dictos
736 3347 868 3408 erponicos
883 3360 946 3408 quos
958 3361 1011 3397 une
1027 3362 1088 3397 cum
1104 3347 1195 3396 corrr·

219 3424 275 3473 doto
291 3425 458 3486 promulgavit
474 3422 631 3485 gubernium,
654 3418 721 3480 qrrnsi
743 3418 856 3480 ejusdcm
870 3419 1021 3481 explanatio
1043 3425 1069 3468 et
1083 3421 1177 3482 applica?

217 3493 297 3554 tforem
313 3510 399 3543 revera
424 3496 479 3542 illos
495 3493 603 3542 Ecclesia
618 3504 744 3551 uunquam
761 3489 922 3553 approbavit;
940 3490 991 3540 imo
1006 3499 1094 3541 eontra
1111 3492 1195 3538 eostre

223 3581 274 3619 uon
287 3569 364 3618 scurcl
376 3564 546 3628 reclamavit]
