2462 3984
438 327 523 374 arara
544 327 679 373 nunnus.
872 351 878 360 -
990 309 1046 370 rra

60 424 104 486 tit.
132 428 184 501 19,
198 424 254 486 lib.
270 429 290 487 2
305 425 437 502 Deerat,
454 425 505 488 ubi
523 428 683 488 Innocent.
707 425 746 487 111
759 425 801 486 ait
822 442 831 485 a
850 421 1045 486 «Statuimua

60 536 74 572 ι
100 520 137 578 ut
149 519 215 576 tam
231 514 262 578 in
276 513 430 578 ordinario
441 515 557 597 judicio
570 517 664 598 quam
683 513 936 597 extraordinario,
949 513 1044 596 judex
1077 539 1080 544 ·

59 625 74 660 a
100 621 228 686 semper
248 603 389 667 adhibeat
408 611 460 668 aut
477 603 629 686 publicam
649 603 674 668 si
693 609 792 686 potest
808 601 920 665 babere
940 620 1042 684 perso-

60 715 74 750 n
100 711 190 759 nam.
206 701 259 756 aut
273 693 351 756 duos
364 693 443 756 viros
453 692 579 756 idoneos
588 693 639 776 qui
655 691 782 756 fideliter
791 693 930 755 universa
938 691 1042 774 Judicii

57 804 72 840 a
99 782 521 872 actacousoribantnflertum
529 790 574 846 est
587 789 689 848 autem
701 781 781 845 banc
793 781 1042 845 Constitutionem

59 889 123 932 non
139 869 236 934 tuisse
250 883 431 935 reuocatam.

97 963 194 1023 5788.
226 963 271 1024 De
298 960 532 1043 obligationibus
557 962 767 1040 notariorum,
796 959 1041 1038 secretariorum,

57 1049 126 1110 tide
148 1051 182 1112 s:
205 1050 341 1130 bigam„
358 1051 410 1116 tib.
424 1055 456 1131 1,
474 1049 517 1112 n'¹
536 1047 1041 1130 aaa-2313amanuncus,
1102 1069 1107 1084 ·
1137 1059 1146 1068 ‘

56 1143 381 1220 anparretsra.

488 1294 569 1360 ΛΒΤ.
593 1298 628 1360 V.

210 1435 249 1482 DE
268 1436 479 1500 apocuaauouu
499 1437 535 1482 ΕΤ
556 1437 707 1484 tutotuto
727 1437 897 1486 rauranum.
941 1483 947 1496 ,

100 1571 199 1631 5789.
221 1567 266 1630 Eis
280 1576 430 1651 precepto
449 1571 561 1632 Bened.
582 1573 662 1648 xib,
679 1573 710 1633 in
729 1571 895 1654 appendice
917 1572 1042 1636 Consilii

61 1657 207 1719 Romani·
217 1659 289 1720 anni
307 1663 382 1722 trau
396 1707 404 1737 ,
420 1659 559 1744 Episcopi
574 1659 706 1742 aliquem
726 1661 871 1743 deputare
885 1659 997 1723 debent
1011 1666 1042 1724 in

61 1755 306 1826 procuratorem,
316 1753 347 1809 et
356 1749 449 1811 atium
461 1749 491 1810 in
500 1749 676 1812 advocatum
690 1767 858 1832 pauperum
869 1750 921 1832 qui
932 1769 1042 1833 nempe

61 1836 252 1917 pauperibus
264 1836 295 1898 in
311 1838 393 1899 curia
413 1838 581 1920 Episcopati
595 1857 717 1902 causam
731 1838 911 1901 habentibus
925 1858 960 1902 ex
976 1841 1041 1902 ofli-

61 1924 110 1986 cio
124 1933 155 1986 et
169 1925 264 2007 gratis
277 1945 401 2008 operam
415 1933 567 2009 praestent.

104 2016 141 2075 In
157 2013 232 2078 loeis
252 2022 355 2078 autern
368 2015 421 2079 ubi
432 2020 582 2079 rarissima
593 2024 693 2080 essent
706 2017 880 2100 hujusmodi
900 2017 965 2080 lites
979 2038 1041 2082 non

66 2101 180 2165 ridetur
199 2105 296 2166 teneri
322 2105 488 2187 Episcopus
512 2105 550 2168 ad
573 2104 728 2189 praefatam
748 2105 966 2168 institutionem
989 2125 1042 2188 par

62 2191 192 2254 modum
211 2192 302 2256 officii
325 2193 459 2257 stabitis:
473 2203 609 2257 cessante
630 2195 713 2258 enim
730 2195 806 2278 tegis
829 2193 889 2256 tine
902 2243 910 2274 ,
925 2213 1041 2259 cessare

60 2279 127 2361 ipsa
141 2282 190 2343 tex
204 2289 250 2346 est
263 2283 431 2361 censenda;
447 2285 518 2347 satis
538 2292 612 2348 tunc
630 2286 686 2348 erit
699 2286 744 2364 si,
762 2285 832 2348 dato
852 2303 942 2360 casu,
957 2294 1041 2348 curet

59 2370 282 2434 ecetesiasttcus
289 2371 381 2454 judex
397 2381 430 2436 ut
444 2393 558 2457 pauper
572 2375 654 2438 litem
664 2374 779 2440 habens
790 2393 850 2438 non
862 2373 1040 2446 destituatur

59 2460 242 2540 patrocinio.
259 2461 333 2524 Vide
347 2481 397 2544 ap.
414 2465 510 2527 Bouix
524 2464 591 2543 (ib,
605 2467 687 2545 513).

475 2643 556 2708 ΛΒΤ.
579 2643 626 2709 u.

249 2786 290 2834 ns
308 2787 425 2836 uuurna
443 2773 645 2836 ruorc'uuuus
665 2771 837 2856 (tutatos).

95 2930 189 2992 5790.
212 2925 352 2990 Officium
375 2927 496 2992 illorum
516 2937 560 2992 est
579 2887 792 3012 jussa'J'udicis
814 2907 956 3013 implere,
983 2929 1039 2996 titi·

58 3025 165 3118 ganas
194 3016 228 3078 in
258 3017 310 3100 jus
339 3015 477 3099 uocare,¹
492 3037 653 3102 processus
689 3025 835 3102 actusque
864 3021 1039 3103 iudiciarios

58 3122 352 3260 equorssmmfiam
358 3196 479 3280 pedetli,
490 3217 629 3274 cursores,
641 3199 837 3280 apparitores,
850 3197 955 3279 bajuli,
965 3203 1035 3274 etc.;

57 3285 236 3348 auctoritate
263 3286 383 3368 publica
414 3286 551 3370 deputari
581 3287 693 3350 debent
719 3287 810 3366 (Vide
835 3287 953 3364 Bouia,
983 3286 1037 3366 au,

56 3375 253 3536 pglrggdam
273 3437 353 3529 alios
366 3465 521 3528 ministros
537 3469 630 3530 curiae
648 3465 836 3548 Episcopatis
857 3462 1036 3543 omittimus,

58 3553 130 3632 quia
149 3552 198 3616 vel
221 3571 283 3616 non
302 3555 431 3637 amptius
452 3561 524 3618 sunt
544 3555 576 3617 in
590 3573 649 3618 usu
670 3553 749 3636 apud
770 3571 845 3632 nos,
861 3552 906 3614 vel
932 3553 1037 3618 sattern

58 3641 167 3704 eorum
181 3661 256 3706 usus
268 3651 314 3706 est
327 3645 509 3708 rarissimus.
526 3648 570 3708 Ite
584 3643 830 3719 procuratoribus
843 3649 873 3705 et
886 3641 1037 3704 advocatia

58 3729 192 3792 diximus
204 3749 296 3804 supra
310 3733 518 3814 (56155651).
