2548 3988
452 191 539 237 uiam
559 189 692 240 suarius.
992 175 1050 241 att

75 293 138 354 tur.
154 289 299 352 Observat
316 292 418 352 autem
433 291 465 353 S.
482 291 601 372 Lignea.
618 291 682 369 (lib.
697 294 741 370 τ’,
756 300 791 353 n⁰
804 294 835 372 a)
852 291 961 374 «qudd
982 312 1053 358 cen·

76 401 92 438 a
118 397 198 443 surae
212 397 287 461 quas
301 377 359 441 fert
367 380 535 461 Episcopus
553 379 584 441 in
597 379 713 460 synodo
727 380 896 444 dioeceaana
909 381 1051 446 dicuntur

76 489 91 528 a
118 467 185 531 latae
208 487 260 550 per
285 468 412 532 modum
435 468 557 546 statuti,
581 475 611 532 et
630 467 678 531 hae
693 475 837 551 tauquam
855 469 921 534 latae
944 471 962 533 a
982 473 1051 551 juce

78 581 92 615 a
117 557 227 620 ducant
242 563 452 640 postmortem
466 557 620 640 Episcopi3
635 557 701 620 aliae
719 560 790 620 uero
804 564 887 622 extra
900 560 1050 640 synodum

78 669 92 706 a
117 645 259 710 dicuntur
270 646 337 709 latae
350 645 390 708 ab
402 645 526 710 homine
539 646 728 730 posmodum
743 647 884 730 praecepti
898 665 954 711 seu
967 667 1052 714 man-

78 759 92 794 n
115 733 178 798 dati
194 741 246 798 aut
259 735 429 815 sententia,
443 742 472 799 et
487 735 534 799 hm
549 755 603 819 peu
618 742 748 800 mortem
767 735 889 800 ferentis
906 737 969 815 (aut
984 741 1051 819 ejus

76 846 92 884 a
116 824 313 910 amotionem)
324 827 525 908 cessant(non
536 823 895 889 tamensisemcliueaint
908 826 1048 905 incursae,

77 933 93 972 a
118 930 189 976 nam
204 921 277 977 tunc
290 933 353 978 non
366 921 486 978 cessant
499 915 600 998 quoad
612 933 683 979 eum
702 913 755 998 qui
774 915 840 978 illas
854 913 979 979 inuuunt
992 915 1049 978 nisi

77 1025 93 1062 a
117 1021 172 1085 per
186 1002 435 1084 absolutionem),
456 1004 518 1068 sive
535 1010 719 1088 praeceptum
740 1003 779 1066 sit
796 1003 975 1087 particulare
990 1004 1051 1068 sive

77 1114 93 1151 a
118 1092 293 1173 poncinico
311 1093 397 1158 Circa
410 1093 493 1176 quod
506 1093 574 1158 vide
587 1093 668 1157 dicta
682 1111 773 1175 supra
786 1096 871 1173 (947,
887 1095 969 1175 etc).

117 1184 205 1246 6368.
214 1215 255 1228 -
265 1184 299 1246 3⁰
311 1183 424 1246 lterum
437 1183 553 1248 ratione
566 1181 649 1246 modi
666 1201 728 1265 quo
743 1181 881 1247 feruntur
899 1201 1048 1260 censurae,

77 1272 139 1333 iam
154 1271 172 1332 a
180 1270 249 1351 jure
260 1273 353 1355 quam
367 1271 406 1336 ab
418 1271 561 1350 homine,
576 1271 752 1336 dividuntur
771 1271 804 1336 in
819 1291 963 1337 censuras
981 1273 1052 1337 latu·

77 1361 231 1424 sententiae
256 1367 285 1425 et
312 1379 455 1426 censuras
476 1359 606 1445 ferendae
623 1361 797 1426 sentcntiae:
820 1381 956 1426 censurae
981 1362 1052 1427 lotae

77 1451 244 1528 sententiaa,
269 1459 341 1515 sunt
363 1451 422 1515 iilae
443 1471 530 1534 quas,
548 1453 614 1534 ipso
635 1450 713 1515 iacto
735 1470 789 1516 seu
811 1453 939 1516 crimine
956 1453 1051 1516 semel

77 1538 226 1618 admisso,
241 1540 340 1603 statim
353 1541 550 1606 incurrantur
563 1541 678 1623 absque
691 1541 753 1604 ulle
763 1541 874 1622 judicis
887 1544 1048 1622 sententia,

79 1627 170 1690 etiam
183 1628 396 1694 declaratonia:
411 1633 490 1696 cinca
506 1630 587 1713 quod
601 1630 769 1694 notandum
782 1637 828 1694 est
843 1632 925 1714 qudd
939 1651 1050 1716 propo-

78 1717 147 1780 sitio
160 1723 198 1780 4⁸1
215 1718 329 1801 Synudi
345 1723 531 1793 pistoriensis,
550 1739 648 1802 cquae
662 1719 751 1782 tradit
769 1722 973 1785 necessarium
986 1741 1051 1786 esse

78 1827 94 1867 a
116 1806 203 1886 juxta
217 1807 299 1891 leges
312 1809 464 1872 naturales
480 1815 511 1872 et
527 1808 663 1888 divinas,
679 1814 728 1884 ut,
743 1809 805 1872 sive
819 1808 858 1872 ad
871 1829 1051 1874 excommu-

80 1919 95 1955 n
120 1895 302 1961 dicationem
317 1899 386 1966 sive
412 1898 451 1962 ad
477 1897 728 1981 suspensionem,
752 1898 923 1979 precedere
945 1898 1053 1963 debeat

78 2007 95 2046 a
120 2004 247 2050 eumen
259 1988 533 2070 personalemque
542 1986 618 2052 adco
627 1987 792 2050 sententias
800 1987 894 2051 dictas
902 1987 965 2070 ipso
973 1989 1053 2071 facto

80 2098 96 2135 n
121 2093 183 2140 non
201 2077 290 2140 aliam
311 2079 372 2141 vim
392 2077 523 2157 habere,
543 2077 600 2140 nisi
622 2077 708 2140 seaiae
725 2076 969 2140 comminationis
988 2078 1053 2140 sine

81 2187 96 2224 a
122 2166 230 2230 actuali
253 2167 360 2232 effectu
380 2189 412 2244 a,
433 2166 575 2230 damnata
598 2165 654 2230 iuit
675 2184 731 2248 pen
756 2166 873 2230 Bullam
894 2169 1053 2230 Auctorem

81 2253 153 2338 fidei
161 2259 306 2340 tanquam
312 2257 404 2342 sclao,
417 2257 586 2338 ianuario,
597 2255 742 2321 Ecclesiae
746 2257 888 2342 potestati
896 2257 1051 2342 injuriosa,

82 2363 211 2408 erronea.

122 2435 210 2498 6369.
231 2438 374 2502 Censurae
395 2440 467 2503 vead
482 2438 612 2522 scendo
627 2437 796 2516 sententiaa,
811 2455 880 2520 quae
899 2437 990 2500 etiam
1006 2435 1054 2500 di·

81 2529 192 2588 cuntur
205 2529 445 2607 comminatorio,
457 2535 527 2592 sunt
540 2529 598 2592 iliae
611 2547 687 2611 quas
694 2529 743 2608 jus
757 2526 908 2609 autjudex
923 2525 1056 2589 nonault

82 2613 149 2695 ipso
162 2613 239 2679 iacto
253 2615 387 2696 incurri,
403 2618 456 2682 sed
470 2619 569 2682 solum
583 2637 637 2701 per
648 2615 827 2680 sententiam
842 2615 937 2697 infligi
950 2635 958 2676 :
973 2614 1056 2678 unde

82 2721 218 2768 censurae
227 2705 400 2788 huiusmodi
412 2706 643 2791 possuntessed
645 2705 722 2790 jure
732 2704 823 2769 simul
834 2712 864 2768 et
872 2704 910 2768 cd
922 2704 1056 2769 domine:

81 2793 100 2855 d
116 2793 190 2875 jure
211 2797 354 2878 quidem,
369 2803 518 2881 quatenus
532 2797 642 2862 sanciri
665 2799 791 2879 possunt
812 2814 866 2878 per
886 2794 985 2878 legem
1005 2800 1057 2859 aui

83 2888 227 2946 sistulum
246 2905 445 2968 permanens,
461 2895 490 2950 et
510 2888 548 2952 ab
565 2887 691 2966 domiue,
707 2891 857 2968 quatenus
872 2904 934 2948 nou
953 2885 1056 2948 incur·

83 2979 193 3036 mntun
215 2975 273 3039 nisi
296 2995 351 3061 per
376 2977 554 3042 seutentiam
574 2976 696 3059 judicis.
723 2973 799 3038 Vide
824 2975 967 3040 Sicemier
989 2973 1058 3056 (Dea

83 3061 183 3144 pcicea
196 3064 307 3145 eccles,
318 3087 349 3150 p.
366 3070 447 3148 176).

127 3151 217 3216 6370.
238 3157 277 3219 Ut
293 3165 395 3220 autem
414 3157 608 3240 dignoscatur
625 3155 822 3240 quandonam
843 3173 980 3222 censurae
998 3153 1059 3216 sint

86 3238 154 3301 iatae
168 3245 199 3302 et
212 3246 407 3323 quandonam
418 3247 477 3309 sint
488 3246 619 3309 tenendae
629 3247 794 3318 sententiae,
812 3241 1059 3309 «consideranda

85 3350 100 3387 u
126 3335 199 3392 sunt
211 3333 301 3398 verba
310 3337 421 3418 quibus
432 3355 561 3402 censura
570 3335 679 3414 fertum
695 3355 765 3420 quaa
778 3337 803 3399 si
817 3331 1058 3398 includantalte·

85 3440 100 3478 a
126 3420 190 3484 cius
210 3426 360 3490 actionem
383 3447 437 3492 seu
462 3426 683 3506 ministerium,
703 3425 874 3508 significant
899 3437 1059 3485 censuram

86 3539 101 3578 a
128 3530 194 3578 esse
207 3517 361 3582 cententio
379 3515 524 3600 serendo,
547 3515 618 3580 uta
630 3517 702 3582 vend
721 3516 746 3580 si
766 3532 829 3579 non
846 3511 1012 3578 includant.
1027 3509 1060 3576 si

87 3631 103 3668 a
127 3609 198 3672 vend
213 3607 304 3670 verbu
321 3609 464 3691 uiuitigua
483 3607 558 3683 sini,
574 3605 671 3670 tenen
689 3613 787 3690 potest
805 3604 909 3690 regula
928 3607 966 3668 49
981 3601 1060 3686 juris
