2466 4258
215 98 272 163 rit
434 117 572 166 annuam
591 119 693 166 rorrus
714 119 797 168 runis
821 102 985 170 cinomia.

213 237 359 312 beantur,
371 241 403 299 et
417 236 571 316 inspectio
585 237 727 317 corporis
740 240 893 302 mulieris
909 242 1055 304 omnino
1070 259 1193 304 oecese-

214 327 261 386 ria
276 325 450 404 judicetur,
467 327 535 387 haec
560 326 691 387 medicis
711 327 826 406 peritis
851 336 886 392 et
914 331 1099 394 honestate
1121 342 1193 411 alp-2

213 419 308 477 aetate
318 416 467 494 gravibus
483 414 712 490 committatur,
723 418 804 478 sicut
822 418 946 480 iisdem
961 427 1055 483 esset
1071 423 1194 482 commi.-

214 504 319 579 tenda,
339 503 615 568 siobserveliones
630 505 670 566 ab
697 498 934 569 obstetricibus
957 509 1059 571 laetae
1085 511 1196 572 eondi-

212 592 324 656 dentes
338 611 402 656 non
415 595 641 673 reperirentur.
655 595 690 656 ln
707 593 756 656 his
773 599 889 656 autem
907 598 1051 660 casibus
1067 607 1196 660 matrona

212 681 557 763 honestajurejurando
581 683 621 744 ad
638 689 795 746 secretum
806 683 962 764 obligata
993 688 1061 765 ipsi
1088 689 1196 766 inspre-

212 771 292 834 tioni
303 791 430 854 semper
445 773 585 835 assistat.

251 861 354 924 Facile
364 881 459 942 porro
483 869 581 942 petet,
612 880 708 941 quam
723 868 835 926 sancte
855 864 892 926 in
911 867 1079 930 omnibus
1105 869 1197 946 hujus·

213 951 553 1031 modiinspectionibus
567 949 741 1017 cavendum
751 952 804 1030 sit,
819 955 1072 1036 nequidquam
1087 966 1188 1037 agata

183 1079 187 1088 .
213 1041 297 1122 quod
315 1042 431 1104 divinae
443 1042 506 1120 legi
518 1047 549 1102 et
558 1042 714 1104 castitatis
724 1041 833 1102 virtuti
849 1043 1074 1107 adversetur.

253 1130 342 1202 Quod
358 1131 384 1192 ri
397 1133 438 1194 oh
459 1131 637 1208 singulares
652 1129 793 1191 locorum
810 1131 1194 1212 circumstantiasimpa-

213 1221 303 1283 sibile
316 1227 370 1282 aut
384 1221 476 1283 valde
489 1220 616 1282 dilllcile
632 1215 804 1298 aliquando
820 1220 936 1294 suerit,
953 1225 994 1282 ut
1010 1223 1083 1286 duo
1099 1225 1166 1285 mel
1179 1245 1193 1269 ,-

214 1311 360 1391 periti,et
374 1311 443 1373 duee
458 1309 645 1371 obstetrices
659 1309 735 1370 item
751 1309 862 1390 peritae
877 1313 1118 1390 reperiantur,
1133 1323 1193 1375 toa·

212 1400 276 1461 rari
292 1399 419 1479 polerit,
436 1406 469 1461 ut
481 1417 565 1461 unus
593 1404 719 1468 tantum
732 1399 875 1461 medicus
889 1405 926 1461 et
956 1420 1033 1463 una
1055 1405 1192 1466 obstetrix

213 1491 414 1554 adhibeatur.
430 1489 613 1551 Curandum
629 1494 735 1549 tamen
749 1487 851 1550 inhoc
861 1507 954 1560 casu,
980 1498 1022 1554 ut
1036 1495 1190 1556 relatione

213 1581 376 1659 utriusque
400 1577 618 1640 examinanda
643 1575 856 1654 subjiciantur
877 1579 1022 1642 duobus
1050 1583 1123 1645 aliis
1141 1601 1189 1643 m*-

213 1669 284 1732 dica
296 1675 326 1729 et
337 1664 653 1747 chirurgicascientia
664 1665 889 1727 doctisibidem
902 1667 960 1728 vel
978 1669 1066 1733 alibi
1078 1691 1185 1734 comm.-

212 1759 369 1832 rantibus,
386 1763 421 1818 ut
436 1757 497 1818 fide
515 1757 625 1836 jurata
644 1753 797 1834 judicium
812 1773 905 1816 suum
922 1775 1035 1838 snper
1052 1781 1107 1824 eas
1127 1779 1179 1838 pre

216 1851 331 1924 lerant,
345 1863 422 1910 num
435 1845 555 1908 seilicet
569 1845 682 1906 iisdem
698 1844 736 1904 sit
755 1842 936 1919 fidendum,
956 1853 996 1910 et
1021 1869 1101 1914 unm
1117 1851 1170 1926 ipa

213 1939 383 2003 exhibeant
397 1936 526 2014 motiva,
540 1953 610 2014 quae
625 1933 787 1996 sententiae
801 1933 949 2016 terendae
960 1939 1080 2000 solido
1093 1937 1174 2000 hala·

212 2036 319 2092 mento
335 2027 409 2088 sint,

252 2113 468 2180 Heeemulieris
482 2113 635 2192 inspectio
648 2111 823 2174 omittenda
839 2113 912 2184 erit,
929 2114 959 2174 si
980 2134 1025 2180 ea
1043 2119 1182 2180 danaae.

212 2216 266 2271 aut
289 2205 474 2280 constiterit,
489 2208 560 2283 post
581 2201 847 2282 separationeme
862 2204 1019 2284 conjuge,
1039 2227 1116 2269 cum
1136 2223 1181 2284 qux:

211 2299 251 2361 lis
262 2301 319 2372 est,
337 2301 391 2358 aul
413 2294 506 2356 etiam
525 2299 608 2368 ante,
621 2309 693 2354 cum
718 2291 781 2352 alio
796 2291 864 2352 uiro
881 2297 1123 2358 commercium
1144 2299 1184 2356 he

211 2388 330 2450 buisse.

223 2550 227 2558 .
250 2475 361 2539 Medici
376 2480 406 2538 et
420 2473 618 2548 obstetrices,
635 2477 789 2551 quantum
805 2469 873 2531 lieri
889 2473 1028 2550 poterit,
1044 2473 1128 2538 inter
1141 2493 1180 2536 m·

210 2567 345 2630 tholicos
360 2563 520 2644 eligantur
538 2582 546 2638 ;
561 2563 676 2625 sivero
691 2560 793 2623 exhis
817 2559 932 2622 haberi
948 2571 1129 2642 nequeant,
1148 2573 1182 2624 te-

209 2654 307 2722 lerari
320 2653 450 2736 poterit,
468 2658 502 2715 ut
518 2649 686 2716 acatholici
705 2649 932 2722 adhibeantur,
945 2649 1126 2716 dummodo
1147 2659 1180 2712 ta-

210 2765 281 2810 men
297 2745 563 2818 aliundeconstet,
580 2759 634 2804 eos
648 2757 717 2803 esso
732 2737 889 2818 proboset
900 2738 1077 2819 honestos,
1093 2757 1178 2820 neure

210 2835 352 2914 aspiritu
369 2831 534 2895 catholicae
544 2830 690 2909 religioni
705 2827 931 2890 intenso-duci.

249 2927 296 2991 tu,
310 2924 365 2985 llis
376 2921 523 2986 omnibus
538 2926 685 2984 accurate
694 2917 843 2998 peractis,
856 2916 884 2978 si
899 2919 1015 2981 omnia
1029 2921 1075 2984 ad
1091 2937 1164 2980 aser-

209 3025 274 3082 tam
288 3012 508 3096 impotentiam
524 3011 722 3090 probandam
748 3005 1022 3086 conspiraverint,
1057 3011 1171 3074 Ortina-

210 3110 277 3172 rins
296 3125 352 3186 pro
372 3099 567 3165 matrimonii
582 3099 726 3162 nullitate
739 3095 900 3177 judicabit
917 3109 925 3172 3
943 3096 996 3158 sin
1012 3099 1120 3161 adlmc
1134 3099 1178 3158 da-

209 3198 296 3258 bium
311 3195 439 3274 aliquod
455 3189 624 3269 supererit,
653 3206 670 3248 a
687 3185 846 3250 sententia
861 3184 1064 3263 proterenda
1098 3189 1181 3250 obsti·

209 3285 346 3361 nebit,ct
363 3301 462 3343 novas
475 3279 707 3357 ulterioresque
732 3274 998 3354 investigationes
1021 3277 1170 3340 instituor.

210 3373 267 3436 des
282 3371 445 3450 praecipiet
461 3387 468 3446 ;
483 3389 561 3449 quas
574 3369 600 3431 si
619 3368 699 3429 inire
712 3363 909 3444 impossihile
937 3363 1051 3442 luerit,
1080 3375 1136 3428 ant
1152 3367 1181 3429 si.

210 3461 332 3524 hisnon
347 3459 558 3535 obstantibus,
584 3456 717 3520 dubium
733 3469 859 3532 semper
873 3455 1083 3534 remanserit,
1099 3463 1149 3518 aul
1162 3455 1182 3516 si
