2466 4258
159 175 223 234 '136'
382 187 521 236 utuntur
541 189 645 236 rorrns
664 187 745 236 snnrs
766 189 921 238 canorum.

159 307 271 370 lutioni
281 306 483 367 declarandae
497 308 529 368 in
541 307 675 386 judicio,
688 308 747 370 nisi
763 309 803 371 de
820 317 925 372 morte
956 310 1151 378 alterutrius

160 395 303 475 conjugis
318 395 509 456 constiterit.
527 397 566 458 Ut
581 403 688 459 autern
703 399 741 460 de
756 397 818 460 hac
833 405 990 464 constare
1005 403 1150 476 dicatur,

159 485 351 548 nonsuificit
365 503 473 548 rumor
487 490 544 548 aut
570 487 656 548 terna
673 503 905 570 quacumque,
929 508 1046 571 neque
1074 496 1151 558 sota

158 575 435 658 praeumptionem
456 575 509 637 sed
531 575 705 654 requiritur
733 582 840 638 certus
864 577 905 638 de
939 597 982 640 ea
1011 585 1153 646 nuntius

159 671 215 727 aut
226 663 340 726 saltem
349 663 638 725 concursustalium
652 661 822 742 rationum,
845 683 917 747 quae
930 675 1151 736 certonuntiu

160 751 399 833 aequipollentes
414 769 506 814 omne
521 753 559 814 de
572 751 627 814 illa
639 752 771 824 dubium
790 753 978 820 excludant.
1008 758 1091 824 ideo
1122 765 1153 826 in

158 843 220 905 boc
231 840 420 920 oasujudex
436 847 507 902 ante
523 841 632 902 omnia
648 841 776 920 exigere
791 841 937 920 debebit,
966 853 1003 907 ut
1030 853 1153 927 prioris

158 929 1151 1020 matrimoniidocumentumauthenticumproteratur,atque,

158 1021 185 1084 si
200 1039 279 1101 opus
293 1020 400 1094 suerit,
414 1020 495 1082 atiaa
514 1021 720 1099 probationes
734 1021 876 1103 colliget,
897 1040 972 1102 quae
996 1031 1152 1107 praedicti

159 1111 276 1191 prioris
290 1108 485 1171 matrimonii
497 1109 699 1172 existentiam
714 1107 938 1174 demonstrent
956 1133 964 1190 ;
994 1115 1151 1185 similiter

160 1199 303 1280 exquiret
317 1199 510 1261 documenta
523 1199 572 1259 vet
587 1199 793 1278 probationes
809 1199 849 1262 de
862 1203 1009 1264 secundo
1036 1215 1150 1272 matri-

158 1289 268 1353 monio
281 1291 469 1350 contracto:
487 1289 672 1368 quaeomnia
691 1288 882 1352 documenta
909 1291 1009 1355 facile
1033 1295 1147 1362 haberi

161 1375 463 1460 poteruntextibris
487 1376 764 1440 matrimoniorum
782 1379 815 1438 in
840 1381 1011 1458 parochiis
1039 1405 1146 1451 asser-

157 1469 249 1532 vatis.
265 1469 340 1529 Post
354 1467 423 1529 haeo
436 1466 597 1546 exigenda
612 1471 707 1528 erunt
721 1483 740 1528 a
753 1470 1020 1548 competentibus
1051 1494 1146 1554 pare
1218 1529 1219 1550 ,

159 1555 679 1622 chisauthenticadocumentada
700 1562 856 1634 pratense
876 1565 982 1622 morte
1008 1563 1144 1630 alterius

1217 1551 1219 1648 t

158 1647 317 1726 conjugia,
333 1651 365 1708 et
376 1645 410 1706 in
426 1644 549 1708 deiectu
565 1649 713 1725 poterunt
725 1643 835 1706 eadem
849 1647 1027 1726 requiriab
1040 1663 1141 1717 aucto
1218 1659 1219 1662 ’

158 1737 254 1800 ritate
269 1735 366 1816 civili,
382 1735 408 1798 si
429 1753 503 1797 suos
526 1734 624 1797 libros
653 1732 812 1813 habuerit,
832 1733 863 1797 in
892 1735 1019 1816 utribus
1048 1743 1140 1805 adun.

158 1833 275 1889 tantur.
288 1827 363 1899 Quas
371 1825 550 1904 comparari
561 1824 723 1886 debebunt
736 1841 808 1886 cum
817 1824 1015 1892 documento
1031 1849 1134 1895 secur

159 1916 235 1978 dum
250 1915 310 1976 hoc
327 1913 564 1974 matrimonium
586 1915 823 1992 comprobante,
850 1919 886 1976 ut
910 1929 1131 1997 cognoscatu,

159 2013 270 2070 utrum
288 2005 465 2066 secundom
481 2002 541 2065 hoe
563 2003 800 2066 matrimonium
820 2009 1030 2070 contractum
1051 2011 1140 2074 inerit

159 2103 243 2174 ante,
275 2095 326 2156 ret
355 2097 429 2176 pont
460 2092 576 2173 prioris
608 2093 757 2174 conjugis
780 2101 939 2170 mortem3
971 2103 1078 2179 atque
1100 2101 1142 2163 ite

156 2185 332 2265 judicetur,
350 2192 456 2248 utrum
471 2182 647 2247 secundum
669 2182 909 2246 matrimonium
923 2185 1089 2265 validum,
1102 2208 1142 2252 an

159 2275 403 2338 nullumtuerit.

198 2367 248 2426 42.
263 2365 383 2438 Quandt
393 2364 447 2426 rad
460 2366 596 2425 mortem
609 2359 727 2442 prioris
758 2361 906 2444 conjugia
936 2367 1141 2445 probandam

160 2460 278 2535 praesto
291 2471 357 2517 non
371 2458 447 2516 sunt
472 2469 575 2532 neque
604 2467 676 2514 esse
699 2458 836 2530 possunt
852 2453 922 2516 haec
948 2456 1142 2520 authentica

160 2545 367 2619 documenta,
395 2541 462 2604 aliis
486 2541 687 2620 argumentis
716 2546 746 2604 et
780 2539 849 2604 aliis
889 2541 1141 2623 probationibus

160 2651 240 2714 opus
256 2641 316 2708 est,
333 2649 406 2714 quar
434 2651 453 2693 a
478 2627 587 2711 judice
613 2629 725 2692 sedulo
751 2636 849 2694 erunt
871 2631 1082 2710 colligenda.
1108 2637 1140 2698 ln

161 2723 274 2804 primis
289 2727 514 2802 argumentum
531 2719 654 2782 desumi
674 2723 782 2799 potest
797 2739 835 2782 ex
850 2721 1053 2800 depositione
1078 2729 1139 2788 tes·

163 2813 239 2875 tium
249 2811 345 2874 fldem
357 2811 564 2883 merentium,
579 2809 607 2871 si
623 2808 683 2890 ipsi
699 2809 818 2871 derisu
839 2816 977 2873 mortem
989 2810 1092 2884 illius,
1103 2813 1136 2875 de

161 2921 224 2983 quo
239 2901 357 2981 agitur,
372 2915 485 2960 revera
508 2897 665 2962 accidisse
690 2897 943 2974 affirmaverint;
974 2907 1031 2962 aut
1059 2903 1125 2962 iden

161 2989 359 3056 asseruerint
374 3005 414 3050 ex
436 2987 560 3062 auditu,
577 2987 749 3051 dummodo
774 3005 840 3050 non
867 3005 905 3050 ex
919 3005 1004 3068 vaga
1034 2992 1130 3070 atique

156 3071 329 3161 relatione,
341 3079 398 3143 sed
408 3077 576 3158 apersonis
584 3079 715 3141 minime
723 3072 1135 3158 suspectispropriasinfor·

161 3172 320 3235 motiones
339 3187 372 3231 se
399 3168 541 3230 hausisse
561 3173 727 3231 testentur.
752 3165 808 3228 Isti
823 3171 920 3228 testes
933 3169 1135 3229 eruntinter-

161 3260 422 3339 rogandi,utrum
437 3259 519 3321 bene
529 3257 750 3336 cognoverint,
762 3273 858 3336 quem
874 3261 1038 3318 mortuum
1053 3273 1134 3319 asse·
1218 3273 1219 3280 ¹

161 3344 1133 3430 runt;quotempore,quotocomorsacoiderit;quadecausa;

163 3439 217 3502 ubi
236 3439 373 3501 cadaver
392 3436 569 3516 sepultum3
597 3439 705 3496 utrum
728 3431 847 3507 adsint,
871 3433 972 3495 etubi
997 3451 1134 3495 commo·

161 3523 1131 3610 renturaiii,quidehociactoinstructisintautessepossint.
