2452 3984
202 189 260 254 tes
421 205 559 255 0000000
579 205 680 254 sonus
700 205 782 254 suess
801 203 950 253 0000οι0.

200 308 386 372 ubidicitur:
401 309 502 372 «Cinn
512 309 544 371 in
554 307 780 391 prescriptione
790 325 892 370 rerum
904 307 1176 371 ecclesiasticarum

200 419 216 456 s
241 397 321 460 hona
335 397 409 460 fides
422 403 452 460 et
465 399 564 478 justus
577 398 682 461 titulus
696 398 855 478 exigantur
869 417 898 474 s;
913 397 1020 478 excipe
1031 397 1090 459 nisi
1105 401 1178 458 tanti

200 486 346 569 temporis
364 486 508 568 allegetur
528 485 734 570 praescriptio,
753 486 840 565 cujus
862 485 1004 549 contrarii
1028 485 1179 548 memoris

201 593 264 638 non
281 575 408 638 existat:
432 575 526 638 idest
546 576 643 657 (juxta
665 575 776 638 multos
794 582 898 638 contra
921 573 1011 655 aiios)
1034 573 1098 636 nisi
1110 574 1179 636 alte

201 671 288 748 getur
301 663 486 748 prescriptio
504 663 676 728 centenaria
698 682 706 726 ι
727 665 760 726 in
773 664 999 747 praescriptione
1018 670 1125 726 tamen
1142 667 1178 724 30

201 767 353 818 annorum
371 771 427 837 pro
444 753 565 836 privatis
583 751 691 818 sufficit
711 751 791 816 bona
810 751 884 815 tides
904 755 943 816 30
961 768 1136 828 annorum
1151 759 1176 816 rt

201 861 264 907 non
289 844 377 926 pauci
408 843 490 906 idem
511 842 615 906 dieunt
640 841 678 906 de
709 841 899 926 acquirendis
925 841 1122 904 servitutibus
1149 842 1178 902 in

200 931 295 996 fundo
310 933 420 996 alieno.

241 1040 331 1100 6030.
346 1071 384 1084 -
395 1041 427 1099 0ο
442 1037 487 1099 00
497 1037 752 1118 proscribendum
767 1039 870 1102 00000]
888 1035 1056 1100 immobilia
1072 1043 1179 1099 contra

201 1125 359 1190 ecclesiam
369 1131 400 1187 et
408 1127 458 1207 pia
471 1125 536 1188 loca
546 1127 740 1209 requiruntur
749 1130 789 1190 00
797 1143 948 1189 annorum
958 1173 967 1203 ,
979 1125 1043 1187 irnd
1053 1128 1117 1188 000
1127 1144 1179 1188 an·

201 1229 312 1276 norum
323 1214 562 1295 requirunturad
570 1214 821 1296 praescribendam
831 1221 935 1278 contra
944 1214 1116 1278 Ecclesiam
1126 1219 1181 1276 00

201 1302 487 1386 manamvidecap.
497 1302 638 1367 Adaares
648 1309 676 1376 6,
693 1303 1003 1388 00013οἀ00008,
1019 1303 1180 1385 saponis

202 1391 350 1453 indicanti
362 1396 393 1472 9,
408 1411 475 1476 cap.
491 1393 543 1455 Ad
553 1393 734 1456 audientiam
749 1397 785 1457 03
796 1441 804 1473 ,
814 1399 844 1457 et
857 1411 924 1475 cap.
946 1391 1019 1455 Cam
1031 1393 1135 1472 vodis,
1150 1395 1180 1456 de

199 1480 383 1564 proscripa,
393 1486 425 1545 et
433 1499 499 1565 cap.
511 1483 609 1546 ultim.
618 1501 708 1548 causa
716 1487 764 1562 00,
773 1503 804 1565 q.
813 1486 843 1545 3.
853 1480 1023 1544 Goncordat
1033 1481 1179 1546 Authent.

204 1569 437 1649 (insecutores,
453 1589 481 1634 c.
497 1571 532 1634 dc
545 1571 663 1637 Sacros.
678 1569 763 1634 licei.
779 1570 954 1635 ubidicitur
969 1588 978 1632 t
996 1570 1101 1634 «Sota
1121 1573 1179 1634 iio·

201 1681 217 1719 r
242 1661 332 1722 mant
347 1661 480 1723 Ecclesia
494 1661 642 1742 gaudente
655 1667 777 1724 centurn
791 1677 943 1723 annorum
957 1659 1055 1742 spatio
1068 1677 1106 1724 ac
1124 1662 1181 1743 pri·

202 1770 218 1809 a
242 1749 359 1831 vilegio.
376 1771 392 1809 n
410 1749 469 1812 Sed
482 1750 549 1814 uide
563 1749 642 1813 dicta
656 1753 765 1829 (5300,
781 1752 882 1827 5303).

242 1853 348 1926 Quoad
361 1854 493 1916 actiones
506 1853 724 1935 extinguendas
739 1859 846 1936 praeter
861 1852 942 1916 diota
955 1872 1046 1936 supra
1058 1853 1179 1930 (5300),

203 1943 280 2006 actio
303 1943 481 2024 injuriarum
496 1943 610 2025 expirat
625 1943 710 2024 lapsu
725 1944 816 2006 unius
830 1943 901 2006 anni
923 1944 971 2026 (L.
987 1943 1026 2006 Si
1039 1963 1103 2006 non
1120 1966 1181 2006 con·

203 2033 291 2110 victi,
307 2052 335 2095 o.
355 2031 390 2094 de
403 2032 548 2115 injuriis).
564 2025 668 2104 Quoad
687 2032 743 2094 alie
761 2032 890 2095 erimina
906 2030 974 2095 vide
987 2031 1069 2096 diota
1090 2053 1180 2116 supra

204 2121 312 2204 (5800)
330 2143 339 2198 ;
366 2127 395 2183 et
417 2121 631 2200 Reiffenstuei,
654 2122 700 2185 De
721 2121 868 2204 dediciis,
887 2121 940 2186 lib.
965 2126 997 2200 0,
1018 2121 1098 2187 titur.
1123 2129 1179 2198 00,

204 2210 244 2272 n¹·
259 2215 359 2274 0-088.

243 2317 333 2377 6050.
357 2349 394 2362 -
418 2316 465 2377 Vi.
489 2315 533 2378 Dc
548 2314 613 2377 litis
626 2317 844 2380 contestatione
860 2316 1007 2380 Discussis
1025 2319 1179 2400 exceptio·

204 2401 314 2482 nibus,
350 2403 468 2486 illisque
491 2405 610 2485 rejectis
641 2405 687 2468 vel
714 2404 852 2470 admissis
875 2405 921 2469 vei
944 2408 1123 2484 reservatis,
1150 2407 1181 2468 sn

203 2493 261 2556 litis
275 2494 450 2556 contestatio
463 2493 501 2557 de
513 2495 574 2577 qud
588 2495 659 2557 satis
672 2493 803 2557 diximus
817 2513 908 2578 supra
922 2498 1128 2576 (59035300).
1142 2530 1181 2542 -

204 2583 319 2645 Deinde
334 2589 489 2665 praestatur
501 2585 708 2664 juramentum
723 2583 878 2648 calumnior
893 2585 931 2648 de
944 2602 1006 2667 quo
1023 2584 1117 2648 etiam
1128 2603 1179 2647 su·

204 2689 258 2753 pra
273 2673 481 2754 (59075930).

244 2775 334 2836 6050.
358 2809 396 2822 -
417 2777 480 2839 vu.
502 2777 547 2840 De
562 2777 878 2860 tcrmiaoproictorio.
902 2775 1077 2841 Successivit
1091 2777 1179 2840 datur

204 2863 353 2927 terminus
375 2869 441 2927 tum
456 2867 548 2929 actori
569 2866 607 2930 ad
627 2865 778 2930 faciendas
791 2885 860 2930 suas
878 2867 1090 2950 probationes;
1111 2875 1176 2930 tunr

205 2970 258 3016 reo
272 2952 310 3015 ad
332 2953 484 3017 iaciendas
503 2974 572 3018 suas
592 2957 816 3038 responsiones.
833 2955 879 3018 Ad
889 2953 1026 3036 judicem
1048 2957 1178 3039 pertinet

204 3031 406 3097 determinare
419 3041 550 3118 tempus.
563 3035 637 3097 Vide
651 3037 774 3110 00000,
790 3036 957 3109 liciniis..
972 3035 1019 3099 tit.
1040 3039 1096 3114 13,
1110 3037 1128 3116 §
1143 3038 1173 3096 0.

245 3147 334 3208 6053.
357 3179 398 3196 --
418 3146 493 3208 vni.
516 3147 764 3230 depositionibus
782 3155 813 3210 et
830 3146 979 3210 articulis.
995 3149 1041 3210 De
1058 3147 1095 3210 iis
1107 3146 1174 3208 satis

204 3233 338 3298 diximus
351 3251 441 3317 supra
454 3237 666 3318 (sear-5938).

245 3339 295 3398 lx.
308 3337 378 3402 Post
387 3333 582 3399 articulorum
591 3344 621 3400 et
630 3338 927 3421 interrogatoriorunr
934 3337 1169 3420 productionem,

205 3425 334 3487 citantur
347 3431 436 3488 testes
446 3431 480 3488 ut
488 3428 699 3491 examinentur
710 3431 791 3492 cirea
803 3429 958 3491 veritatem
968 3425 1168 3496 articulorum,

205 3517 236 3570 et
248 3511 337 3572 simui
351 3514 458 3576 citatur
468 3533 538 3594 pars
551 3514 673 3578 adversa
685 3516 724 3579 ad
736 3517 899 3580 videndum
909 3516 1046 3598 ipsorum
1054 3513 1169 3576 testium

209 3595 383 3694 iuramenta
391 3599 428 3663 de
441 3602 564 3666 ueritate
576 3601 715 3668 dicenda.
